3990 6092
678 571 881 640 SANCTUS
911 572 1208 640 HIPPOLYTUS.
1659 572 1726 639 333

155 721 327 794 titudinem
340 721 557 819 ingratorum,
573 747 627 791 eos
640 722 737 792 trahit
753 736 788 794 ut
803 722 974 795 ostendant
989 720 1087 823 (ipsi)
1102 723 1295 822 sepulcrum.
1315 721 1401 794 «Ubi
1420 721 1572 820 posuistis
1587 721 1726 794 illumla

155 843 276 927 «Veni,
294 843 400 926 aiunt,
420 853 451 913 et
468 839 586 913 vide¹o
605 843 800 941 sepulcrum.

206 1020 257 1092 lV.
286 1017 394 1122 (lpse)
416 1019 479 1091 illis
507 1019 609 1091 dicit:
635 1020 821 1094 «Revolvite
845 1023 930 1094 foras
958 1020 1100 1120 lapidem
1129 1021 1286 1092 istumt„
1304 1022 1434 1104 -Tu,
1461 1021 1518 1122 qui
1544 1022 1730 1095 benefactor

156 1139 387 1242 discipulorum
417 1167 503 1223 eras,
533 1154 566 1212 tu
600 1141 656 1240 qui
688 1141 734 1213 eis
766 1143 800 1213 in
832 1143 950 1243 pignus
979 1142 1157 1242 potentiam
1190 1141 1304 1225 dabas,
1329 1142 1465 1214 dicendo
1486 1175 1493 1214 :
1516 1143 1576 1215 asi
1604 1143 1730 1215 hahue-

155 1263 250 1336 aritis
265 1263 365 1335 fidem
387 1275 543 1362 tanquam
561 1289 699 1359 granum
728 1263 891 1362 sinapeos,
916 1262 1028 1334 dicetis
1046 1263 1149 1334 monti
1164 1261 1239 1334 huic
1257 1295 1263 1333 :
1284 1262 1410 1334 Mutare
1434 1277 1464 1336 et
1481 1261 1608 1367 (mons)
1624 1278 1731 1336 muta-

157 1385 334 1468 «bitures
360 1397 410 1468 tu,
440 1383 496 1482 qui
514 1382 611 1455 talem
630 1397 820 1484 potestatem
842 1383 887 1456 eis
906 1383 1043 1480 largitus
1063 1410 1111 1467 os,
1135 1397 1169 1454 tu
1190 1410 1255 1455 non
1278 1398 1367 1483 potes
1382 1411 1515 1484 parvum
1535 1385 1677 1484 lapidem
1694 1411 1730 1457 ex

157 1534 211 1578 oro
234 1505 395 1606 speluncae
420 1502 603 1576 revolvere?
617 1503 704 1606 (Hoc
722 1518 831 1578 autem
850 1503 943 1604 divit)
962 1504 1107 1576 Christus
1129 1517 1262 1604 propter
1283 1532 1412 1576 causam
1431 1504 1471 1577 de
1489 1533 1552 1605 qua
1569 1519 1663 1578 antea
1682 1506 1732 1578 lo-

157 1642 249 1699 cutus
269 1654 341 1699 sum
360 1658 366 1697 :
384 1627 461 1726 quia
485 1641 678 1728 spectatores
700 1626 752 1697 hic
777 1625 935 1698 haerentes
956 1639 1056 1697 erant.
1081 1625 1173 1698 Unde
1193 1625 1299 1698 dicere
1320 1627 1499 1725 potuissent
1520 1627 1581 1697 hoc
1608 1627 1731 1724 magica

158 1763 224 1820 arte
252 1749 372 1820 lactum
397 1747 496 1820 luisse
519 1763 551 1819 et
575 1747 764 1850 apparentia
789 1760 933 1829 tantum,
953 1747 1108 1845 quoniam
1136 1745 1209 1818 ficte
1235 1761 1383 1818 mortuus
1411 1761 1479 1818 erat
1502 1747 1605 1833 intus,
1630 1749 1673 1820 ita
1698 1761 1733 1819 ut

158 1897 242 1942 unns
265 1870 427 1941 videretur
450 1868 613 1968 appellare
641 1883 672 1940 et
695 1868 776 1940 alter
800 1868 924 1940 audire.
949 1869 1154 1967 Quapropter
1180 1864 1307 1968 (lesus)
1328 1866 1459 1940 deducit
1484 1896 1538 1940 cos
1560 1869 1603 1940 ad
1624 1870 1732 1968 sepul-

158 2018 264 2074 crum,
285 2005 335 2074 ut,
356 1989 464 2090 lapide
490 1990 531 2060 ab
554 1989 631 2090 ipsis
658 1988 819 2073 revoluto,
838 1989 932 2060 loetor
957 2014 1011 2060 eos
1034 1987 1195 2086 attingens
1220 1987 1297 2089 ipsis
1320 1988 1467 2061 evaderet
1490 1989 1620 2088 signum
1642 1991 1732 2090 quod

158 2127 304 2185 mortuus
328 2139 400 2184 vere
419 2125 565 2183 mortuus
584 2123 680 2194 esset3
700 2109 803 2194 unde,
823 2109 989 2182 credentes
1008 2110 1104 2181 morti
1115 2109 1259 2194 mortui,
1278 2136 1344 2181 non
1366 2109 1552 2182 dubitarent
1570 2111 1609 2182 de
1628 2138 1733 2184 resur-

158 2235 299 2307 rectione
329 2233 409 2330 ojus.
435 2233 508 2304 Haec
531 2231 638 2303 media
663 2231 821 2303 Dominus
845 2230 1020 2304 meditatus
1045 2244 1092 2302 est
1116 2229 1235 2302 eundo.
1259 2230 1397 2303 Attende
1417 2257 1505 2304 nunc
1526 2231 1566 2303 iis
1588 2259 1660 2331 quae
1682 2259 1734 2304 se-

159 2375 314 2453 quuntur.

212 2531 247 2602 V.
276 2532 555 2633 Appropinquavit
577 2531 703 2605 hlartha
727 2530 768 2603 ad
789 2530 931 2631 lapidem
953 2545 983 2603 et
1002 2531 1102 2603 dixit:
1123 2532 1301 2616 «Domine,
1322 2533 1391 2630 jam
1413 2531 1516 2615 loetet,
1538 2531 1733 2629 quatridua-

160 2681 247 2725 anus
269 2667 315 2726 est
335 2654 459 2726 enimn
474 2653 592 2726 Verum
607 2653 799 2736 Vivificat0r‚
816 2652 873 2752 qui
893 2634 1107 2750 cognoscebat
1124 2654 1273 2725 virtutem
1295 2679 1403 2736 suam,
1423 2654 1482 2736 ait,
1502 2667 1535 2724 et
1552 2651 1614 2724 hoc
1637 2653 1733 2723 etiam

161 2803 179 2845 a
197 2773 284 2846 vobis
302 2774 380 2846 disci
399 2773 492 2845 volo:
514 2773 615 2845 Dicite
630 2787 661 2846 et
685 2773 846 2846 clamitate
864 2774 953 2872 quod
971 2773 1111 2846 dixistis:
1132 2773 1227 2847 olam
1251 2774 1383 2858 loetet,n
1402 2787 1438 2845 ut
1454 2799 1527 2845 vere
1543 2772 1733 2844 resurrectio

159 2895 363 2994 predicetur.
384 2895 510 2966 Pluries
527 2909 665 2967 mortem
688 2909 821 2967 testatus
839 2908 887 2966 est
905 2908 942 2966 ut
961 2896 1125 2967 veritatem
1145 2896 1386 2967 resurrectionis
1403 2895 1502 2968 semel
1518 2896 1734 2968 confiteretur.

160 3016 281 3089 Exinde
299 3015 389 3089 aliud
403 3015 482 3116 quid
500 3016 629 3086 ordinat
647 3014 839 3097 Vivificator,
854 3015 970 3085 coelum
989 3015 1121 3113 suspicit
1138 3029 1236 3115 atque
1252 3016 1379 3088 Patrem
1393 3017 1527 3089 invocat.

214 3193 265 3264 Vl.
295 3193 426 3274 «Pater,
448 3193 508 3273 ait,
530 3189 649 3288 gratias
668 3189 820 3286 egotibi,
840 3189 917 3288 quia
935 3189 1055 3260 audisti
1082 3216 1171 3259 me.»
1191 3189 1250 3261 Hic
1270 3189 1493 3262 hereticorum
1513 3189 1664 3290 discipuli
1679 3190 1737 3263 ali-

162 3313 251 3416 quod
269 3312 466 3411 adjutorium
487 3310 628 3410 reperire
647 3308 709 3380 sibi
725 3310 875 3381 videntur
894 3309 951 3408 qui
970 3308 1156 3381 clamitant:
1177 3307 1298 3381 «Vides
1316 3309 1481 3410 quomodo
1499 3337 1549 3383 res
1569 3337 1603 3382 se
1622 3310 1736 3395 habet;

163 3434 343 3535 «quoniam
359 3459 444 3504 unus
461 3445 552 3529 rogat
570 3445 601 3503 et
620 3429 701 3504 alter
717 3419 861 3527 rogatur,
878 3457 964 3501 unus
981 3430 1114 3530 supplex
1133 3444 1202 3503 orat
1218 3443 1249 3502 et
1267 3431 1348 3502 alter
1365 3431 1615 3531 supplicationes
1634 3432 1735 3504 audit.

163 3555 284 3628 allides
296 3554 459 3655 quomodo
470 3553 565 3624 Pater
575 3552 648 3624 lons
661 3565 708 3624 est
720 3551 918 3624 mirabilium
932 3579 1036 3651 eaque
1046 3551 1184 3624 faciendi
1199 3565 1389 3653 potestatem
1401 3551 1457 3624 dat
1469 3553 1563 3625 Filio.
1574 3585 1589 3622 a
1600 3553 1737 3639 Verum,

164 3674 433 3778 quemadmodem
451 3687 545 3746 antea
560 3701 643 3774 saepe
660 3673 740 3756 dixi,
752 3672 830 3774 (hoc
845 3673 899 3776 fit)
911 3674 988 3774 quia
1002 3701 1100 3774 opera
1110 3673 1320 3746 vivificatoris
1331 3701 1405 3746 cum
1417 3675 1595 3772 gratiarum
1612 3675 1737 3746 actione

163 3798 324 3897 suscipere
350 3795 475 3868 nolunt.
501 3795 609 3868 Semel
631 3795 841 3896 blasphemiis
871 3808 998 3867 coactus
1024 3796 1177 3895 praevenit
1200 3793 1382 3897 (Christus)
1404 3823 1450 3868 eo.
1468 3795 1557 3896 quod
1583 3794 1739 3868 nolebant

164 3919 306 4019 accipere
324 3919 500 4010 veritatem.
521 3917 618 4000 Ouod
638 3931 688 4000 tu,
703 3916 755 3988 die
771 3944 836 4017 quo
852 3916 933 4013 legis
951 3916 1036 4000 haec,
1053 3915 1150 3988 debes
1166 3916 1342 3990 addiscere.

215 4095 283 4168 Vll.
314 4095 398 4168 Dicit
408 4096 493 4167 enim
510 4094 556 4166 eis
567 4095 769 4168 Vivilrcator:
785 4093 913 4166 ollulta
924 4120 1022 4194 opera
1037 4093 1126 4166 bona
1136 4093 1263 4165 ostendi
1273 4093 1363 4165 vobis
1374 4123 1391 4164 a
1403 4094 1497 4167 Patre
1508 4108 1739 4195 meo‚propter

165 4217 279 4318 equod
290 4244 371 4316 opus
382 4244 417 4288 ex
432 4217 477 4289 eis
490 4216 640 4316 lapidatis
653 4217 782 4288 mel-
793 4215 912 4288 Dicunt
923 4216 952 4288 ei
962 4214 978 4288 J
983 4215 1065 4287 udaei
1077 4246 1085 4285 ε
1098 4215 1168 4286 Non
1181 4230 1314 4315 propter
1326 4243 1407 4315 opus
1419 4215 1543 4288 honum
1555 4215 1738 4316 lapidamus

165 4353 236 4422 ato,
256 4338 313 4410 sed
331 4353 464 4438 propter
487 4336 739 4437 blasphemiam,
759 4337 835 4437 quia
862 4351 912 4422 tu,
938 4363 1012 4408 cnm
1036 4337 1134 4408 homo
1160 4336 1217 4420 sis,
1238 4349 1269 4409 te
1291 4337 1367 4409 lacis
1387 4335 1492 4409 Deum
1514 4349 1547 4409 et
1565 4362 1657 4408 vocas
1679 4337 1738 4408 tibi

166 4474 316 4559 «patrem
335 4459 438 4530 Deum
451 4464 502 4528 “aa
526 4458 594 4530 Hoc
616 4458 715 4556 igitur
735 4457 826 4530 valde
846 4454 932 4559 (67)
953 4457 1162 4531 contristabat
1181 4457 1325 4540 ludaeos,
1346 4483 1463 4558 nempe
1485 4456 1576 4558 quod
1593 4457 1738 4529 Christus

164 4596 290 4653 vocaret
308 4579 369 4652 sibi
384 4594 509 4678 patrem
528 4579 642 4652 Deum.
658 4578 918 4663 olrascehantur,
934 4579 995 4662 ait,
1008 4578 1112 4651 Judaei
1130 4592 1243 4650 contra
1256 4579 1435 4663 Christum,
1452 4606 1517 4652 nou
1533 4578 1738 4652 solummodo

166 4702 267 4802 aquia
289 4701 432 4774 solvebat
449 4699 635 4782 sabbatum,
655 4699 712 4772 sed
730 4701 807 4800 quia
822 4699 955 4772 vocabat
971 4699 1034 4772 sibi
1048 4712 1172 4800 patrem
1191 4700 1311 4785 Deum,
1330 4714 1362 4772 et
1379 4701 1535 4800 aequalem
1552 4727 1585 4772 se
1602 4698 1740 4772 laciebat

166 4823 258 4894 olleo
271 4827 321 4893 ³.n

218 4997 300 5069 Vlll.
330 4999 546 5100 Quapropter,
575 5027 677 5099 quum
702 4999 838 5102 (Judaei)
862 4999 924 5074 hoc
945 5001 1182 5100 blasphemiam
1207 5013 1393 5100 reputarent
1417 4999 1505 5098 quod
1529 5012 1653 5098 patrem
1678 4997 1738 5070 sihi

207 5260 213 5288 ¹
233 5253 316 5308 loono.
336 5275 372 5319 xv,
392 5257 434 5309 3lt.
451 5289 487 5296 —
504 5261 513 5290 ¹
533 5255 591 5310 lbv'd.
610 5277 646 5320 xv,
668 5259 712 5328 39.
733 5289 770 5297 -
786 5259 796 5289 ³
815 5255 890 5311 Mart.
910 5275 970 5321 vvn,
992 5257 1115 5327 193to0.
1138 5273 1199 5319 rvn,
1214 5258 1239 5309 6.
1259 5287 1295 5296 -
1312 5257 1323 5290 ⁴
1340 5254 1424 5308 loono.
1444 5276 1469 5320 v,
1487 5257 1577 5310 3233.
1595 5289 1632 5298 —-
1649 5261 1658 5290 ⁵
1677 5255 1736 5312 lbid.

169 5369 189 5410 v,
209 5351 248 5402 ra.
