4006 6098
259 575 326 646 362
603 572 778 640 rtruuvt
807 571 1208 678 subsaltaverunt
1238 571 1482 642 tutatust.

259 725 446 800 nominibus
456 724 668 822 designantur
681 722 876 806 innumeris,
888 723 968 823 quin
982 735 1091 794 tamen
1103 722 1253 823 propria¹
1265 722 1483 823 appellatione
1497 737 1663 809 vocentur,
1675 727 1830 826 quoniam

257 845 530 922 intellectualibus
544 843 808 945 incorporeisque
820 843 918 916 rebus
928 870 1070 942 congrua
1084 869 1150 916 non
1163 857 1317 944 aptantur
1331 845 1475 918 nomina.
1485 844 1560 928 Qua
1572 845 1692 918 etenim
1703 846 1831 920 ratione

258 968 411 1070 proprio²
429 965 551 1040 censeri
577 966 708 1038 nomine
729 979 960 1066 possuntque
977 965 1060 1038 usui
1082 978 1159 1037 sunt
1178 965 1350 1066 impervia,
1371 993 1482 1066 quaeve
1506 966 1655 1040 sensibus
1677 967 1832 1040 humanis

256 1088 460 1192 apprehendi
485 1114 551 1160 non
571 1087 700 1160 valent?
721 1087 763 1160 Ut
785 1113 851 1159 rem
874 1086 973 1186 plane
996 1085 1235 1184 intelligamus,
1251 1087 1524 1160 intellectualium
1545 1115 1656 1162 rerum
1680 1090 1831 1188 exiguom

255 1223 381 1312 partem
398 1235 525 1282 sumam
541 1209 576 1282 in
593 1208 790 1308 exemplum,
806 1235 925 1308 nempe
942 1207 1084 1280 animam
1106 1207 1288 1306 cujuslibet.
1308 1208 1424 1282 Anima
1442 1236 1539 1309 porro
1556 1210 1688 1283 leminei
1701 1213 1831 1309 generis

256 1332 472 1434 appellatione
487 1330 625 1429 gaudet,
640 1330 716 1403 licet
731 1330 801 1430 ipsa
818 1330 959 1402 leminea
976 1356 1042 1402 non
1059 1329 1187 1415 eristm,
1204 1331 1360 1430 quoniam
1375 1357 1436 1404 nec
1451 1331 1608 1404 feminina
1622 1357 1683 1404 nec
1699 1359 1830 1406 mascu-

254 1454 323 1527 bna
338 1467 461 1527 constat
475 1465 603 1525 natura.
619 1452 732 1525 Sermo
750 1451 883 1551 pariter,
900 1451 958 1552 qui
975 1479 1011 1524 ex
1029 1451 1138 1524 anima
1154 1451 1317 1552 procedit,
1336 1452 1469 1525 nomine
1486 1452 1668 1526 masculino
1686 1467 1829 1540 vocatur,

256 1575 331 1660 etsi,
345 1588 382 1647 ut
396 1574 553 1658 diximus,
570 1573 647 1646 citra
666 1571 846 1674 quamlibet
859 1573 1005 1658 semina,
1022 1572 1174 1657 masculi,
1191 1572 1372 1673 corporisve
1391 1574 1549 1646 rationem
1567 1574 1691 1648 existat.

309 1695 406 1778 Ouod
428 1697 455 1768 si
477 1723 528 1768 res
555 1694 790 1767 intellectuales
813 1693 1029 1779 secundariae,
1050 1708 1085 1766 ut
1111 1695 1220 1766 anima
1247 1707 1279 1766 et
1300 1721 1421 1780 sermo,
1445 1695 1576 1795 propria
1601 1721 1665 1767 non
1685 1695 1831 1794 gaudent

255 1816 490 1918 appellatione,
507 1815 672 1916 quomodo
690 1813 797 1918 (102)
817 1814 1048 1889 intellectualia
1067 1814 1188 1915 prima,
1208 1843 1280 1916 quae
1298 1830 1412 1889 caetcra
1431 1815 1558 1888 infinite
1576 1816 1828 1902 transcendunt,

254 1935 433 2039 poterimus
453 1935 593 2038 propriis
617 1963 731 2009 vocare
757 1935 967 2009 nominibus?
987 1936 1124 2008 Nomina
1148 1949 1257 2009 autern
1282 1936 1315 2008 in
1344 1964 1406 2009 usu
1430 1935 1638 2022 adhibentur,
1658 1950 1728 2009 tum
1751 1938 1830 2038 quia

255 2058 434 2132 necessaria
449 2073 541 2144 sunt,
558 2073 627 2130 tum
645 2057 724 2158 quia
739 2084 798 2130 nos
816 2056 858 2129 ad
873 2084 986 2130 eorum
1002 2056 1249 2156 intelligentiam
1268 2057 1446 2131 deducunt.

306 2245 360 2318 Vl.
388 2243 514 2318 Stolide
543 2244 679 2345 quidam
707 2269 781 2316 cum
812 2242 1085 2343 appellationibus
1113 2243 1326 2317 substantiam
1359 2241 1502 2317 divinam
1528 2243 1629 2316 dividi
1654 2257 1829 2344 putarunt,

255 2366 356 2467 idque
381 2366 518 2440 molossi
542 2378 628 2438 sunt.
645 2366 765 2439 Verum
786 2391 845 2437 nos
862 2364 1029 2438 vamtatem
1052 2365 1178 2438 edocti³
1193 2365 1396 2466 scientesque
1418 2364 1664 2451 indivisibilem,
1682 2366 1829 2450 unicam,

256 2487 468 2588 partibusque
500 2487 687 2560 destitutam
721 2487 854 2560 existere
883 2485 1098 2559 substantiam
1132 2486 1276 2560 divinam
1305 2487 1389 2560 entis
1415 2487 1575 2587 supremi,
1604 2487 1830 2560 tantummodo

256 2633 344 2692 eam,
362 2608 398 2679 in
415 2620 575 2708 quantum
591 2607 729 2680 retertur
745 2607 939 2680 adsalutem
955 2607 1140 2680 animarum
1155 2620 1356 2692 nostrarum,
1367 2607 1501 2681 diversis
1517 2606 1702 2680 nominibus
1717 2607 1830 2708 appel-

255 2729 324 2801 lare
341 2740 454 2829 atque,
472 2755 536 2828 quo
555 2727 692 2801 diximus
710 2726 825 2813 modo,
844 2728 1036 2800 divisionem
1054 2729 1087 2800 in
1105 2755 1178 2801 eam
1195 2728 1310 2802 cadere
1327 2729 1475 2802 confiteri
1493 2727 1661 2802 debemus.

310 2848 593 2932 Quemadmodum
617 2850 704 2922 enim
728 2849 852 2934 anima,
872 2848 1098 2922 intellectualis
1126 2850 1278 2934 existens,
1303 2849 1421 2922 multas
1448 2851 1646 2922 incessanter
1670 2847 1829 2949 pariendo

258 2970 484 3068 cogitationes,
500 2998 559 3043 nec
583 2971 738 3045 dividitur
757 2970 847 3043 verbi
868 2984 983 3071 partu,
1005 2998 1065 3044 nec
1085 2999 1212 3072 pauper
1233 2971 1354 3056 evadit,
1369 2998 1481 3044 verum
1501 2970 1599 3043 ditior
1621 2983 1771 3044 econtra
1794 2969 1830 3040 lit

258 3090 380 3164 nedum
406 3120 533 3194 pauper
555 3093 684 3178 evadat,
703 3091 865 3193 siquidem
888 3092 1024 3165 verbum
1045 3121 1061 3164 a
1085 3092 1181 3166 nobis
1206 3093 1358 3166 omnibus
1384 3092 1563 3192 prolatum,
1582 3105 1614 3164 et
1636 3091 1669 3163 in
1692 3091 1830 3164 audien-

260 3213 341 3285 tium
363 3213 526 3286 mentibus
543 3241 700 3314 praesens,
716 3242 735 3286 a
755 3228 863 3287 mente
886 3241 957 3314 quae
976 3214 1058 3286 illud
1083 3215 1200 3301 edidit,
1215 3242 1275 3287 nac
1292 3214 1449 3300 divisum,
1468 3240 1527 3286 nec
1548 3226 1751 3314 separatum,
1770 3238 1829 3285 nec

257 3334 467 3408 imminutum
480 3335 558 3423 luit3
571 3335 674 3422 unde,
686 3363 760 3408 cum
775 3336 809 3407 in
823 3334 1028 3408 auditoribus
1041 3337 1232 3435 reperiatur,
1245 3335 1429 3408 animarum
1442 3336 1597 3408 unionem
1611 3333 1829 3437 potiusquam

257 3452 447 3529 divisionem
472 3471 621 3554 generat3
638 3459 680 3529 ita
707 3483 758 3529 mc
781 3454 821 3528 de
844 3456 945 3541 Filio,
965 3457 1021 3558 qui
1042 3484 1060 3528 a
1079 3457 1175 3529 Patre
1200 3483 1370 3557 nunquam
1393 3470 1558 3558 separatos
1582 3469 1645 3543 est,
1664 3456 1708 3528 ita
1733 3457 1828 3529 etiam

257 3603 310 3648 me
328 3575 368 3648 de
387 3576 510 3677 Spiritu
528 3579 645 3652 Sancto
664 3577 756 3678 loqui
780 3576 943 3676 intelligas
966 3591 1102 3678 oportet.
1121 3577 1309 3650 Secundum
1331 3578 1418 3651 enim
1443 3577 1576 3650 modum
1596 3604 1661 3678 quo
1684 3605 1775 3651 mens
1798 3591 1830 3651 et

258 3698 407 3797 cogitatio
431 3727 535 3772 unum
559 3712 651 3784 sunt,
670 3712 702 3771 ct
723 3727 788 3800 quo
811 3697 1011 3771 intellectum
1034 3700 1120 3772 inter
1143 3712 1175 3772 et
1192 3699 1419 3798 cogitationem
1443 3713 1474 3774 et
1497 3701 1639 3772 animam
1660 3698 1831 3772 intercedit

257 3819 340 3891 nihil
362 3820 451 3920 quod
475 3821 592 3893 animae
610 3820 802 3894 divisionem
824 3833 856 3894 et
878 3821 1114 3920 sejunctionem
1132 3821 1253 3894 inferre
1268 3821 1389 3908 valeat,
1407 3821 1451 3894 sic
1474 3821 1605 3922 pariter,
1621 3822 1707 3894 inter
1722 3821 1830 3922 Spiri-

257 3952 327 4011 tum
344 3940 515 4025 Sanctum,
534 3939 784 4042 Redemptorem
801 3955 833 4014 et
851 3941 996 4027 Patrem,
1016 3941 1206 4016 divisionem
1225 3953 1258 4015 et
1282 3943 1516 4041 sejunctionem
1538 3941 1744 4016 introducere
1762 3967 1829 4014 non

257 4061 430 4147 debemus,
450 4062 604 4164 quoniam
626 4062 843 4164 spiritualium
862 4076 894 4135 et
916 4063 1116 4149 divinorum,
1134 4075 1170 4136 ut
1188 4062 1345 4149 diximus,
1363 4063 1567 4137 indivisibilis
1585 4078 1633 4137 est
1647 4077 1776 4137 natura.

309 4236 378 4311 Vll.
407 4239 544 4325 lterum,
566 4239 647 4312 sicut
671 4238 756 4313 inter
779 4238 856 4313 solis
874 4240 1050 4314 nucleumt
1067 4254 1100 4314 et
1118 4240 1247 4314 radium
1270 4239 1459 4312 divisionem
1486 4238 1662 4340 quamdam
1687 4239 1830 4340 reperire

258 4387 323 4432 non
343 4359 503 4446 valemus,
522 4360 565 4433 ob
590 4360 672 4434 lueis
699 4374 768 4434 tum
795 4361 1105 4461 impossibilitatem,
1131 4375 1199 4434 tum
1227 4361 1455 4446 subtilitatem,
1479 4375 1548 4434 tum
1573 4361 1830 4462 simplicitatem,

259 4493 327 4552 tum
350 4479 822 4568 indivisibilitatemhvernm,
842 4510 859 4556 e
880 4496 1007 4568 contra,
1024 4483 1069 4556 sic
1095 4483 1172 4556 solis
1196 4483 1269 4556 orbi
1296 4483 1440 4556 adhaeret
1466 4482 1594 4567 radius,
1615 4495 1667 4567 ut,
1690 4509 1727 4554 ex
1750 4481 1830 4556 orbe

257 4615 414 4701 tanquam
432 4630 449 4686 e
467 4603 556 4675 lonte
574 4603 720 4703 undiquc
737 4603 849 4676 lumen
862 4603 898 4675 in
916 4603 1023 4676 radios
1038 4604 1207 4706 prodiens,
1219 4603 1325 4676 lucem
1343 4603 1490 4676 diffluere
1508 4616 1602 4702 cogat
1618 4617 1716 4704 atque
1733 4629 1831 4674 mun-

258 4721 335 4794 dum
354 4721 498 4796 lumineo
517 4725 600 4796 mari
620 4724 799 4808 collustret;
818 4725 863 4796 sic
880 4725 1001 4826 paritor
1019 4725 1122 4796 Patris
1137 4723 1221 4796 radii
1238 4723 1280 4795 ad
1296 4749 1356 4796 nos
1373 4725 1460 4795 nrissi
1477 4737 1568 4808 sunt,
1584 4723 1677 4797 lesus
1695 4720 1831 4825 quidem

256 4841 457 4917 illuminator
475 4859 594 4931 noster,
613 4845 818 4945 Spiritusque
837 4846 986 4919 Sanctus.
1004 4847 1123 4931 Porro,
1140 4844 1222 4918 sicut
1240 4845 1373 4918 luminis
1389 4845 1473 4918 radii
1490 4845 1626 4918 indivise
1644 4843 1749 4919 eidem
1768 4873 1832 4918 na-

257 4977 337 5038 turas
354 4967 582 5067 participantes
598 4966 641 5038 ab
665 4967 743 5039 orbe
760 4993 820 5039 suo
845 4993 910 5039 non
929 4980 1133 5065 separantur,
1147 4966 1188 5038 ab
1203 4966 1339 5040 invicem
1358 4945 1427 5040 non*
1441 4967 1712 5067 praescinduntur,
1729 4967 1831 5039 lucis-

257 5113 321 5186 que
339 5084 463 5160 donum
477 5085 586 5191 (103)
604 5088 645 5160 ad
671 5115 730 5160 nos
755 5113 859 5188 usque
886 5087 1053 5173 emittunt,
1072 5089 1115 5160 ito
1141 5089 1245 5161 Patris
1263 5088 1394 5188 gemelli
1421 5088 1519 5173 radii,
1539 5088 1686 5179 Salvator
1708 5115 1829 5187 nempe

294 5264 303 5296 ¹
322 5263 448 5318 Anarta
466 5263 486 5318 ll
496 5266 607 5336 proprio.
625 5297 663 5306 -
678 5268 687 5300 ¹
709 5266 727 5321 l
745 5276 837 5320 wasto.
858 5265 878 5322 ll
893 5263 1002 5338 propria
1016 5267 1077 5306 -³
1094 5265 1142 5320 llic
1155 5265 1229 5340 paolo
1243 5264 1426 5338 aliterltyasel:
1441 5262 1523 5318 elada
1534 5263 1647 5338 sequitur
1658 5273 1687 5318 ut
1700 5263 1828 5338 precipua

256 5354 384 5410 ovenhtia
397 5357 475 5432 capita
490 5374 505 5410 a
520 5356 754 5433 nobisagnoaosuda
769 5376 833 5422 ease,
847 5365 912 5414 ctca
927 5387 965 5400 -·
979 5359 989 5393 l
1008 5357 1046 5414 lld
1055 5358 1161 5415 litteram
1175 5358 1261 5454 orpham
1274 5361 1334 5400 -‘
1352 5359 1371 5413 Δ
1385 5357 1558 5412 musea
