<?xml version="1.0" encoding="UTF-8"?>
<!DOCTYPE html PUBLIC "-//W3C//DTD XHTML 1.0 Transitional//EN"
    "http://www.w3.org/TR/xhtml1/DTD/xhtml1-transitional.dtd">
<html xmlns="http://www.w3.org/1999/xhtml" xml:lang="en" lang="en">
 <head>
  <title>
</title>
<meta http-equiv="Content-Type" content="text/html;charset=utf-8" />
  <meta name='ocr-system' content='tesseract 3.04.00' />
  <meta name='ocr-capabilities' content='ocr_page ocr_carea ocr_par ocr_line ocrx_word'/>
</head>
<body>
  <div class='ocr_page' id='page_1' title='image "./analectasacrasp03pitrgoog_0421.png"; bbox 0 0 4006 6098; ppageno 0'>
   <div class='ocr_carea' id='block_1_1' title="bbox 225 579 1442 652">
    <p class='ocr_par' dir='ltr' id='par_1_1' title="bbox 225 579 1442 652">
     <span class='ocr_line' id='line_1_1' title="bbox 225 579 1442 652; baseline -0.005 0"><span class='ocrx_word' id='word_1_1' title='bbox 225 587 291 652; x_wconf 84' lang='lat' dir='ltr'>37t</span> <span class='ocrx_word' id='word_1_2' title='bbox 569 583 745 649; x_wconf 81' lang='lat' dir='ltr'>PATRUM</span> <span class='ocrx_word' id='word_1_3' title='bbox 776 579 1174 648; x_wconf 76' lang='lat' dir='ltr'>tnttntcmnonutt</span> <span class='ocrx_word' id='word_1_4' title='bbox 1206 579 1442 648; x_wconf 72' lang='lat' dir='ltr'>statuent.</span> 
     </span>
    </p>
   </div>
   <div class='ocr_carea' id='block_1_2' title="bbox 165 727 1804 5057">
    <p class='ocr_par' dir='ltr' id='par_1_2' title="bbox 165 727 1804 5057">
     <span class='ocr_line' id='line_1_2' title="bbox 276 727 1796 830; baseline -0.001 -26"><span class='ocrx_word' id='word_1_5' title='bbox 276 733 356 805; x_wconf 86' lang='lat' dir='ltr'>XIV.</span> <span class='ocrx_word' id='word_1_6' title='bbox 387 732 435 802; x_wconf 83' lang='lat' dir='ltr'>Tu</span> <span class='ocrx_word' id='word_1_7' title='bbox 451 731 561 829; x_wconf 88' lang='lat' dir='ltr'>igitur,</span> <span class='ocrx_word' id='word_1_8' title='bbox 578 730 836 830; x_wconf 86' lang='lat' dir='ltr'>oTheopompe,</span> <span class='ocrx_word' id='word_1_9' title='bbox 855 730 890 800; x_wconf 92' lang='lat' dir='ltr'>in</span> <span class='ocrx_word' id='word_1_10' title='bbox 906 729 1002 801; x_wconf 86' lang='lat' dir='ltr'>corde</span> <span class='ocrx_word' id='word_1_11' title='bbox 1021 743 1092 812; x_wconf 91' lang='lat' dir='ltr'>tuo,</span> <span class='ocrx_word' id='word_1_12' title='bbox 1110 743 1146 800; x_wconf 90' lang='lat' dir='ltr'>ut</span> <span class='ocrx_word' id='word_1_13' title='bbox 1167 730 1201 801; x_wconf 95' lang='lat' dir='ltr'>in</span> <span class='ocrx_word' id='word_1_14' title='bbox 1223 729 1392 813; x_wconf 88' lang='lat' dir='ltr'>tribunali,</span> <span class='ocrx_word' id='word_1_15' title='bbox 1410 728 1601 802; x_wconf 86' lang='lat' dir='ltr'>sententiam</span> <span class='ocrx_word' id='word_1_16' title='bbox 1625 727 1724 802; x_wconf 80' lang='lat' dir='ltr'>redde</span> <span class='ocrx_word' id='word_1_17' title='bbox 1743 755 1796 802; x_wconf 88' lang='lat' dir='ltr'>sa-</span> 
     </span>
     <span class='ocr_line' id='line_1_3' title="bbox 226 849 1795 954; baseline -0.002 -28"><span class='ocrx_word' id='word_1_18' title='bbox 226 855 356 954; x_wconf 70' lang='lat' dir='ltr'>pientiae</span> <span class='ocrx_word' id='word_1_19' title='bbox 373 851 513 948; x_wconf 86' lang='lat' dir='ltr'>vestigiis</span> <span class='ocrx_word' id='word_1_20' title='bbox 528 849 693 928; x_wconf 72' lang='lat' dir='ltr'>insistensz</span> <span class='ocrx_word' id='word_1_21' title='bbox 710 851 849 951; x_wconf 82' lang='lat' dir='ltr'><strong>respice,</strong></span> <span class='ocrx_word' id='word_1_22' title='bbox 868 865 1042 949; x_wconf 82' lang='lat' dir='ltr'>menteque</span> <span class='ocrx_word' id='word_1_23' title='bbox 1060 849 1163 923; x_wconf 89' lang='lat' dir='ltr'>libera</span> <span class='ocrx_word' id='word_1_24' title='bbox 1181 861 1212 922; x_wconf 92' lang='lat' dir='ltr'>et</span> <span class='ocrx_word' id='word_1_25' title='bbox 1230 850 1395 923; x_wconf 86' lang='lat' dir='ltr'>intellectu</span> <span class='ocrx_word' id='word_1_26' title='bbox 1411 850 1555 948; x_wconf 78' lang='lat' dir='ltr'>vigilanti</span> <span class='ocrx_word' id='word_1_27' title='bbox 1572 851 1737 924; x_wconf 88' lang='lat' dir='ltr'>considera</span> <span class='ocrx_word' id='word_1_28' title='bbox 1753 879 1795 923; x_wconf 92' lang='lat' dir='ltr'>an</span> 
     </span>
     <span class='ocr_line' id='line_1_4' title="bbox 227 969 1795 1072; baseline -0.001 -26"><span class='ocrx_word' id='word_1_29' title='bbox 227 975 332 1046; x_wconf 91' lang='lat' dir='ltr'>dicere</span> <span class='ocrx_word' id='word_1_30' title='bbox 351 971 526 1044; x_wconf 81' lang='lat' dir='ltr'>debeamus</span> <span class='ocrx_word' id='word_1_31' title='bbox 549 971 732 1070; x_wconf 82' lang='lat' dir='ltr'>passionem</span> <span class='ocrx_word' id='word_1_32' title='bbox 757 984 833 1043; x_wconf 89' lang='lat' dir='ltr'>tunc</span> <span class='ocrx_word' id='word_1_33' title='bbox 851 998 920 1042; x_wconf 90' lang='lat' dir='ltr'>esse</span> <span class='ocrx_word' id='word_1_34' title='bbox 940 969 1028 1069; x_wconf 90' lang='lat' dir='ltr'>apud</span> <span class='ocrx_word' id='word_1_35' title='bbox 1046 997 1103 1042; x_wconf 91' lang='lat' dir='ltr'>ens</span> <span class='ocrx_word' id='word_1_36' title='bbox 1124 970 1346 1042; x_wconf 87' lang='lat' dir='ltr'>beatissimum</span> <span class='ocrx_word' id='word_1_37' title='bbox 1362 985 1393 1043; x_wconf 90' lang='lat' dir='ltr'>et</span> <span class='ocrx_word' id='word_1_38' title='bbox 1411 971 1650 1072; x_wconf 89' lang='lat' dir='ltr'>incorruptum,</span> <span class='ocrx_word' id='word_1_39' title='bbox 1665 971 1795 1072; x_wconf 89' lang='lat' dir='ltr'>quando</span> 
     </span>
     <span class='ocr_line' id='line_1_5' title="bbox 226 1091 1798 1193; baseline 0 -26"><span class='ocrx_word' id='word_1_40' title='bbox 226 1095 398 1177; x_wconf 81' lang='lat' dir='ltr'>auxilium,</span> <span class='ocrx_word' id='word_1_41' title='bbox 420 1091 689 1176; x_wconf 88' lang='lat' dir='ltr'>misericordiam,</span> <span class='ocrx_word' id='word_1_42' title='bbox 709 1093 913 1193; x_wconf 78' lang='lat' dir='ltr'>gratiamque</span> <span class='ocrx_word' id='word_1_43' title='bbox 938 1118 1029 1163; x_wconf 91' lang='lat' dir='ltr'>suam</span> <span class='ocrx_word' id='word_1_44' title='bbox 1053 1091 1147 1164; x_wconf 90' lang='lat' dir='ltr'>nobis</span> <span class='ocrx_word' id='word_1_45' title='bbox 1169 1092 1307 1192; x_wconf 80' lang='lat' dir='ltr'>prebet,</span> <span class='ocrx_word' id='word_1_46' title='bbox 1324 1105 1380 1163; x_wconf 92' lang='lat' dir='ltr'>aut</span> <span class='ocrx_word' id='word_1_47' title='bbox 1402 1091 1534 1192; x_wconf 91' lang='lat' dir='ltr'>quando</span> <span class='ocrx_word' id='word_1_48' title='bbox 1556 1119 1591 1165; x_wconf 91' lang='lat' dir='ltr'>se</span> <span class='ocrx_word' id='word_1_49' title='bbox 1613 1092 1747 1178; x_wconf 91' lang='lat' dir='ltr'>durum,</span> <span class='ocrx_word' id='word_1_50' title='bbox 1765 1107 1798 1167; x_wconf 89' lang='lat' dir='ltr'>et</span> 
     </span>
     <span class='ocr_line' id='line_1_6' title="bbox 227 1211 1796 1312; baseline -0.001 -24"><span class='ocrx_word' id='word_1_51' title='bbox 227 1229 407 1298; x_wconf 89' lang='lat' dir='ltr'>austerum,</span> <span class='ocrx_word' id='word_1_52' title='bbox 425 1211 646 1286; x_wconf 83' lang='lat' dir='ltr'>misericordia</span> <span class='ocrx_word' id='word_1_53' title='bbox 671 1227 703 1284; x_wconf 91' lang='lat' dir='ltr'>et</span> <span class='ocrx_word' id='word_1_54' title='bbox 723 1212 869 1312; x_wconf 87' lang='lat' dir='ltr'>qualibet</span> <span class='ocrx_word' id='word_1_55' title='bbox 886 1212 1092 1285; x_wconf 85' lang='lat' dir='ltr'>miseratione</span> <span class='ocrx_word' id='word_1_56' title='bbox 1112 1213 1318 1296; x_wconf 88' lang='lat' dir='ltr'>destitutum,</span> <span class='ocrx_word' id='word_1_57' title='bbox 1339 1213 1488 1286; x_wconf 89' lang='lat' dir='ltr'>ostendit.</span> <span class='ocrx_word' id='word_1_58' title='bbox 1505 1213 1568 1285; x_wconf 87' lang='lat' dir='ltr'>Nos</span> <span class='ocrx_word' id='word_1_59' title='bbox 1586 1214 1673 1286; x_wconf 91' lang='lat' dir='ltr'>enim</span> <span class='ocrx_word' id='word_1_60' title='bbox 1692 1215 1796 1286; x_wconf 89' lang='lat' dir='ltr'>Deum</span> 
     </span>
     <span class='ocr_line' id='line_1_7' title="bbox 226 1332 1797 1436; baseline -0.001 -28"><span class='ocrx_word' id='word_1_61' title='bbox 226 1335 458 1436; x_wconf 87' lang='lat' dir='ltr'>impassibilem</span> <span class='ocrx_word' id='word_1_62' title='bbox 470 1334 559 1406; x_wconf 92' lang='lat' dir='ltr'>hunc</span> <span class='ocrx_word' id='word_1_63' title='bbox 572 1332 749 1434; x_wconf 73' lang='lat' dir='ltr'>praesertim</span> <span class='ocrx_word' id='word_1_64' title='bbox 766 1335 928 1418; x_wconf 86' lang='lat' dir='ltr'>novimus,</span> <span class='ocrx_word' id='word_1_65' title='bbox 944 1334 1000 1433; x_wconf 93' lang='lat' dir='ltr'>qui</span> <span class='ocrx_word' id='word_1_66' title='bbox 1017 1348 1064 1405; x_wconf 86' lang='lat' dir='ltr'>est</span> <span class='ocrx_word' id='word_1_67' title='bbox 1076 1348 1188 1406; x_wconf 88' lang='lat' dir='ltr'>auctor</span> <span class='ocrx_word' id='word_1_68' title='bbox 1204 1334 1363 1408; x_wconf 92' lang='lat' dir='ltr'>bonorum</span> <span class='ocrx_word' id='word_1_69' title='bbox 1378 1360 1529 1433; x_wconf 86' lang='lat' dir='ltr'>operum,</span> <span class='ocrx_word' id='word_1_70' title='bbox 1542 1347 1574 1406; x_wconf 88' lang='lat' dir='ltr'>et</span> <span class='ocrx_word' id='word_1_71' title='bbox 1588 1334 1677 1433; x_wconf 92' lang='lat' dir='ltr'>quie</span> <span class='ocrx_word' id='word_1_72' title='bbox 1692 1335 1797 1407; x_wconf 89' lang='lat' dir='ltr'>stultis</span> 
     </span>
     <span class='ocr_line' id='line_1_8' title="bbox 226 1454 1797 1557; baseline -0.001 -27"><span class='ocrx_word' id='word_1_73' title='bbox 226 1458 387 1557; x_wconf 88' lang='lat' dir='ltr'>sapientes</span> <span class='ocrx_word' id='word_1_74' title='bbox 416 1455 521 1528; x_wconf 88' lang='lat' dir='ltr'>efficit.</span> <span class='ocrx_word' id='word_1_75' title='bbox 546 1455 616 1528; x_wconf 92' lang='lat' dir='ltr'>Non</span> <span class='ocrx_word' id='word_1_76' title='bbox 642 1455 730 1528; x_wconf 90' lang='lat' dir='ltr'>enim</span> <span class='ocrx_word' id='word_1_77' title='bbox 756 1481 886 1554; x_wconf 73' lang='lat' dir='ltr'>acquum</span> <span class='ocrx_word' id='word_1_78' title='bbox 913 1469 1060 1527; x_wconf 83' lang='lat' dir='ltr'>osteum</span> <span class='ocrx_word' id='word_1_79' title='bbox 1088 1455 1151 1527; x_wconf 91' lang='lat' dir='ltr'>dici</span> <span class='ocrx_word' id='word_1_80' title='bbox 1175 1454 1397 1527; x_wconf 87' lang='lat' dir='ltr'>beatissimum</span> <span class='ocrx_word' id='word_1_81' title='bbox 1424 1468 1456 1526; x_wconf 91' lang='lat' dir='ltr'>et</span> <span class='ocrx_word' id='word_1_82' title='bbox 1480 1455 1720 1555; x_wconf 87' lang='lat' dir='ltr'>incorruptum,</span> <span class='ocrx_word' id='word_1_83' title='bbox 1740 1457 1797 1556; x_wconf 93' lang='lat' dir='ltr'>qui</span> 
     </span>
     <span class='ocr_line' id='line_1_9' title="bbox 227 1575 1796 1678; baseline 0 -28"><span class='ocrx_word' id='word_1_84' title='bbox 227 1605 397 1678; x_wconf 91' lang='lat' dir='ltr'>nunquam</span> <span class='ocrx_word' id='word_1_85' title='bbox 418 1577 560 1649; x_wconf 91' lang='lat' dir='ltr'>bominis</span> <span class='ocrx_word' id='word_1_86' title='bbox 580 1603 689 1648; x_wconf 89' lang='lat' dir='ltr'>curam</span> <span class='ocrx_word' id='word_1_87' title='bbox 708 1577 784 1674; x_wconf 90' lang='lat' dir='ltr'>agit.</span> <span class='ocrx_word' id='word_1_88' title='bbox 806 1575 979 1648; x_wconf 89' lang='lat' dir='ltr'>Hominem</span> <span class='ocrx_word' id='word_1_89' title='bbox 1002 1577 1087 1647; x_wconf 92' lang='lat' dir='ltr'>enim</span> <span class='ocrx_word' id='word_1_90' title='bbox 1107 1576 1286 1676; x_wconf 86' lang='lat' dir='ltr'>sapientem</span> <span class='ocrx_word' id='word_1_91' title='bbox 1309 1587 1340 1648; x_wconf 89' lang='lat' dir='ltr'>et</span> <span class='ocrx_word' id='word_1_92' title='bbox 1358 1575 1608 1672; x_wconf 82' lang='lat' dir='ltr'>intelligentem,</span> <span class='ocrx_word' id='word_1_93' title='bbox 1622 1604 1681 1677; x_wconf 89' lang='lat' dir='ltr'>per</span> <span class='ocrx_word' id='word_1_94' title='bbox 1698 1605 1796 1678; x_wconf 90' lang='lat' dir='ltr'>opera</span> 
     </span>
     <span class='ocr_line' id='line_1_10' title="bbox 228 1696 1798 1800; baseline -0.002 -29"><span class='ocrx_word' id='word_1_95' title='bbox 228 1726 300 1800; x_wconf 74' lang='lat' dir='ltr'>quas</span> <span class='ocrx_word' id='word_1_96' title='bbox 316 1699 417 1799; x_wconf 91' lang='lat' dir='ltr'>ipsius</span> <span class='ocrx_word' id='word_1_97' title='bbox 432 1711 500 1770; x_wconf 87' lang='lat' dir='ltr'>arte</span> <span class='ocrx_word' id='word_1_98' title='bbox 517 1698 741 1798; x_wconf 83' lang='lat' dir='ltr'>perficiuntur,</span> <span class='ocrx_word' id='word_1_99' title='bbox 756 1697 959 1769; x_wconf 84' lang='lat' dir='ltr'>solummodo</span> <span class='ocrx_word' id='word_1_100' title='bbox 973 1697 1135 1782; x_wconf 89' lang='lat' dir='ltr'>novimus,</span> <span class='ocrx_word' id='word_1_101' title='bbox 1154 1709 1186 1770; x_wconf 89' lang='lat' dir='ltr'>et</span> <span class='ocrx_word' id='word_1_102' title='bbox 1201 1724 1296 1769; x_wconf 93' lang='lat' dir='ltr'>nemo</span> <span class='ocrx_word' id='word_1_103' title='bbox 1314 1697 1405 1796; x_wconf 89' lang='lat' dir='ltr'>prius</span> <span class='ocrx_word' id='word_1_104' title='bbox 1420 1696 1539 1768; x_wconf 88' lang='lat' dir='ltr'>dicitur</span> <span class='ocrx_word' id='word_1_105' title='bbox 1551 1697 1662 1770; x_wconf 78' lang='lat' dir='ltr'>artilex</span> <span class='ocrx_word' id='word_1_106' title='bbox 1674 1711 1731 1770; x_wconf 86' lang='lat' dir='ltr'>aut</span> <span class='ocrx_word' id='word_1_107' title='bbox 1747 1699 1798 1769; x_wconf 91' lang='lat' dir='ltr'>in-</span> 
     </span>
     <span class='ocr_line' id='line_1_11' title="bbox 227 1817 1795 1920; baseline -0.001 -28"><span class='ocrx_word' id='word_1_108' title='bbox 227 1819 391 1917; x_wconf 90' lang='lat' dir='ltr'>telligens,</span> <span class='ocrx_word' id='word_1_109' title='bbox 405 1818 486 1920; x_wconf 87' lang='lat' dir='ltr'>quin</span> <span class='ocrx_word' id='word_1_110' title='bbox 499 1845 609 1891; x_wconf 88' lang='lat' dir='ltr'>rerum</span> <span class='ocrx_word' id='word_1_111' title='bbox 625 1819 737 1891; x_wconf 86' lang='lat' dir='ltr'>vilium</span> <span class='ocrx_word' id='word_1_112' title='bbox 756 1817 805 1890; x_wconf 91' lang='lat' dir='ltr'>vel</span> <span class='ocrx_word' id='word_1_113' title='bbox 820 1818 1027 1889; x_wconf 79' lang='lat' dir='ltr'>contusarum</span> <span class='ocrx_word' id='word_1_114' title='bbox 1045 1817 1130 1890; x_wconf 86' lang='lat' dir='ltr'>visus</span> <span class='ocrx_word' id='word_1_115' title='bbox 1148 1817 1244 1890; x_wconf 87' lang='lat' dir='ltr'>luerit</span> <span class='ocrx_word' id='word_1_116' title='bbox 1260 1831 1385 1890; x_wconf 87' lang='lat' dir='ltr'>mutare</span> <span class='ocrx_word' id='word_1_117' title='bbox 1399 1818 1536 1902; x_wconf 82' lang='lat' dir='ltr'>formas,</span> <span class='ocrx_word' id='word_1_118' title='bbox 1551 1832 1598 1904; x_wconf 90' lang='lat' dir='ltr'>et,</span> <span class='ocrx_word' id='word_1_119' title='bbox 1610 1832 1678 1890; x_wconf 89' lang='lat' dir='ltr'>arte</span> <span class='ocrx_word' id='word_1_120' title='bbox 1696 1846 1795 1918; x_wconf 87' lang='lat' dir='ltr'>quam</span> 
     </span>
     <span class='ocr_line' id='line_1_12' title="bbox 226 1938 1798 2041; baseline 0 -28"><span class='ocrx_word' id='word_1_121' title='bbox 226 1941 385 2041; x_wconf 84' lang='lat' dir='ltr'>possidet,</span> <span class='ocrx_word' id='word_1_122' title='bbox 398 1965 471 2013; x_wconf 91' lang='lat' dir='ltr'>cum</span> <span class='ocrx_word' id='word_1_123' title='bbox 485 1939 530 2012; x_wconf 91' lang='lat' dir='ltr'>eis</span> <span class='ocrx_word' id='word_1_124' title='bbox 544 1967 640 2040; x_wconf 90' lang='lat' dir='ltr'>opera</span> <span class='ocrx_word' id='word_1_125' title='bbox 657 1939 763 2012; x_wconf 89' lang='lat' dir='ltr'>edere.</span> <span class='ocrx_word' id='word_1_126' title='bbox 777 1938 868 2039; x_wconf 91' lang='lat' dir='ltr'>Opus</span> <span class='ocrx_word' id='word_1_127' title='bbox 881 1939 984 2022; x_wconf 90' lang='lat' dir='ltr'>enim,</span> <span class='ocrx_word' id='word_1_128' title='bbox 995 1938 1127 2038; x_wconf 87' lang='lat' dir='ltr'>quando</span> <span class='ocrx_word' id='word_1_129' title='bbox 1141 1938 1292 2011; x_wconf 87' lang='lat' dir='ltr'>sensibile</span> <span class='ocrx_word' id='word_1_130' title='bbox 1312 1939 1363 2023; x_wconf 89' lang='lat' dir='ltr'>fit,</span> <span class='ocrx_word' id='word_1_131' title='bbox 1377 1938 1597 2011; x_wconf 87' lang='lat' dir='ltr'>absconditam</span> <span class='ocrx_word' id='word_1_132' title='bbox 1614 1939 1798 2013; x_wconf 78' lang='lat' dir='ltr'>manifestat</span> 
     </span>
     <span class='ocr_line' id='line_1_13' title="bbox 228 2058 1796 2159; baseline 0 -25"><span class='ocrx_word' id='word_1_133' title='bbox 228 2061 455 2159; x_wconf 83' lang='lat' dir='ltr'>cogitationem</span> <span class='ocrx_word' id='word_1_134' title='bbox 472 2060 613 2132; x_wconf 82' lang='lat' dir='ltr'>artificis.</span> <span class='ocrx_word' id='word_1_135' title='bbox 631 2061 761 2144; x_wconf 92' lang='lat' dir='ltr'>Quanto</span> <span class='ocrx_word' id='word_1_136' title='bbox 782 2060 898 2132; x_wconf 91' lang='lat' dir='ltr'>clarius</span> <span class='ocrx_word' id='word_1_137' title='bbox 915 2059 1015 2158; x_wconf 92' lang='lat' dir='ltr'>igitur</span> <span class='ocrx_word' id='word_1_138' title='bbox 1031 2059 1211 2157; x_wconf 87' lang='lat' dir='ltr'>intelligere</span> <span class='ocrx_word' id='word_1_139' title='bbox 1229 2058 1385 2131; x_wconf 88' lang='lat' dir='ltr'>debemus</span> <span class='ocrx_word' id='word_1_140' title='bbox 1403 2073 1434 2130; x_wconf 87' lang='lat' dir='ltr'>et</span> <span class='ocrx_word' id='word_1_141' title='bbox 1448 2085 1562 2131; x_wconf 88' lang='lat' dir='ltr'>vocare</span> <span class='ocrx_word' id='word_1_142' title='bbox 1576 2059 1796 2134; x_wconf 89' lang='lat' dir='ltr'>beatissimum</span> 
     </span>
     <span class='ocr_line' id='line_1_14' title="bbox 229 2179 1798 2283; baseline 0.001 -28"><span class='ocrx_word' id='word_1_143' title='bbox 229 2209 285 2255; x_wconf 92' lang='lat' dir='ltr'>cns</span> <span class='ocrx_word' id='word_1_144' title='bbox 304 2207 510 2283; x_wconf 89' lang='lat' dir='ltr'>supremum,</span> <span class='ocrx_word' id='word_1_145' title='bbox 529 2181 661 2282; x_wconf 89' lang='lat' dir='ltr'>quando</span> <span class='ocrx_word' id='word_1_146' title='bbox 686 2181 825 2254; x_wconf 86' lang='lat' dir='ltr'>revelata</span> <span class='ocrx_word' id='word_1_147' title='bbox 848 2195 895 2253; x_wconf 92' lang='lat' dir='ltr'>est</span> <span class='ocrx_word' id='word_1_148' title='bbox 917 2180 1102 2252; x_wconf 87' lang='lat' dir='ltr'>beatissima</span> <span class='ocrx_word' id='word_1_149' title='bbox 1125 2179 1226 2280; x_wconf 91' lang='lat' dir='ltr'>ipsius</span> <span class='ocrx_word' id='word_1_150' title='bbox 1251 2193 1384 2263; x_wconf 90' lang='lat' dir='ltr'>natura,</span> <span class='ocrx_word' id='word_1_151' title='bbox 1400 2207 1472 2280; x_wconf 82' lang='lat' dir='ltr'>quse</span> <span class='ocrx_word' id='word_1_152' title='bbox 1495 2207 1568 2252; x_wconf 91' lang='lat' dir='ltr'>cum</span> <span class='ocrx_word' id='word_1_153' title='bbox 1590 2181 1646 2254; x_wconf 89' lang='lat' dir='ltr'>illo</span> <span class='ocrx_word' id='word_1_154' title='bbox 1670 2209 1798 2282; x_wconf 89' lang='lat' dir='ltr'>semper</span> 
     </span>
     <span class='ocr_line' id='line_1_15' title="bbox 229 2301 1798 2402; baseline -0.001 -26"><span class='ocrx_word' id='word_1_155' title='bbox 229 2313 287 2376; x_wconf 89' lang='lat' dir='ltr'>est.</span> <span class='ocrx_word' id='word_1_156' title='bbox 308 2303 413 2401; x_wconf 84' lang='lat' dir='ltr'>Hujus</span> <span class='ocrx_word' id='word_1_157' title='bbox 435 2316 543 2376; x_wconf 87' lang='lat' dir='ltr'>autem</span> <span class='ocrx_word' id='word_1_158' title='bbox 569 2301 651 2373; x_wconf 90' lang='lat' dir='ltr'>entis</span> <span class='ocrx_word' id='word_1_159' title='bbox 672 2301 849 2379; x_wconf 88' lang='lat' dir='ltr'>beatissimi</span> <span class='ocrx_word' id='word_1_160' title='bbox 869 2301 1001 2402; x_wconf 91' lang='lat' dir='ltr'>quando</span> <span class='ocrx_word' id='word_1_161' title='bbox 1021 2328 1118 2401; x_wconf 88' lang='lat' dir='ltr'>opero</span> <span class='ocrx_word' id='word_1_162' title='bbox 1137 2301 1298 2386; x_wconf 89' lang='lat' dir='ltr'>videmus,</span> <span class='ocrx_word' id='word_1_163' title='bbox 1312 2301 1437 2401; x_wconf 90' lang='lat' dir='ltr'>aliquid</span> <span class='ocrx_word' id='word_1_164' title='bbox 1457 2301 1596 2402; x_wconf 90' lang='lat' dir='ltr'>amplius</span> <span class='ocrx_word' id='word_1_165' title='bbox 1617 2302 1657 2374; x_wconf 88' lang='lat' dir='ltr'>de</span> <span class='ocrx_word' id='word_1_166' title='bbox 1678 2329 1717 2375; x_wconf 87' lang='lat' dir='ltr'>eo</span> <span class='ocrx_word' id='word_1_167' title='bbox 1738 2303 1798 2375; x_wconf 86' lang='lat' dir='ltr'>ad-</span> 
     </span>
     <span class='ocr_line' id='line_1_16' title="bbox 229 2421 1798 2522; baseline 0.002 -28"><span class='ocrx_word' id='word_1_168' title='bbox 229 2423 392 2495; x_wconf 87' lang='lat' dir='ltr'>discimus.</span> <span class='ocrx_word' id='word_1_169' title='bbox 410 2423 473 2507; x_wconf 94' lang='lat' dir='ltr'>Qui</span> <span class='ocrx_word' id='word_1_170' title='bbox 490 2437 597 2494; x_wconf 88' lang='lat' dir='ltr'>autem</span> <span class='ocrx_word' id='word_1_171' title='bbox 616 2423 738 2522; x_wconf 88' lang='lat' dir='ltr'>opinati</span> <span class='ocrx_word' id='word_1_172' title='bbox 757 2435 834 2494; x_wconf 83' lang='lat' dir='ltr'>sunt</span> <span class='ocrx_word' id='word_1_173' title='bbox 854 2437 887 2494; x_wconf 91' lang='lat' dir='ltr'>et</span> <span class='ocrx_word' id='word_1_174' title='bbox 903 2421 1129 2494; x_wconf 81' lang='lat' dir='ltr'>intellexerunt</span> <span class='ocrx_word' id='word_1_175' title='bbox 1146 2449 1203 2493; x_wconf 89' lang='lat' dir='ltr'>eus</span> <span class='ocrx_word' id='word_1_176' title='bbox 1216 2422 1440 2494; x_wconf 87' lang='lat' dir='ltr'>beatissimum</span> <span class='ocrx_word' id='word_1_177' title='bbox 1458 2437 1584 2495; x_wconf 90' lang='lat' dir='ltr'>tantum</span> <span class='ocrx_word' id='word_1_178' title='bbox 1600 2423 1634 2494; x_wconf 93' lang='lat' dir='ltr'>in</span> <span class='ocrx_word' id='word_1_179' title='bbox 1654 2425 1798 2497; x_wconf 87' lang='lat' dir='ltr'>mansio-</span> 
     </span>
     <span class='ocr_line' id='line_1_17' title="bbox 230 2527 1797 2644; baseline 0.001 -28"><span class='ocrx_word' id='word_1_180' title='bbox 230 2543 325 2616; x_wconf 93' lang='lat' dir='ltr'>nibus</span> <span class='ocrx_word' id='word_1_181' title='bbox 343 2544 410 2616; x_wconf 92' lang='lat' dir='ltr'>suis</span> <span class='ocrx_word' id='word_1_182' title='bbox 430 2543 626 2626; x_wconf 88' lang='lat' dir='ltr'>conversari,</span> <span class='ocrx_word' id='word_1_183' title='bbox 644 2527 686 2615; x_wconf 76' lang='lat' dir='ltr'>a&#39;d</span> <span class='ocrx_word' id='word_1_184' title='bbox 703 2572 737 2616; x_wconf 92' lang='lat' dir='ltr'>se</span> <span class='ocrx_word' id='word_1_185' title='bbox 755 2543 877 2629; x_wconf 89' lang='lat' dir='ltr'>redire,</span> <span class='ocrx_word' id='word_1_186' title='bbox 896 2545 1036 2644; x_wconf 90' lang='lat' dir='ltr'>seipsum</span> <span class='ocrx_word' id='word_1_187' title='bbox 1055 2543 1179 2626; x_wconf 90' lang='lat' dir='ltr'>videre,</span> <span class='ocrx_word' id='word_1_188' title='bbox 1197 2544 1306 2614; x_wconf 91' lang='lat' dir='ltr'>omnia</span> <span class='ocrx_word' id='word_1_189' title='bbox 1324 2543 1491 2643; x_wconf 78' lang='lat' dir='ltr'>aequaliter</span> <span class='ocrx_word' id='word_1_190' title='bbox 1507 2571 1675 2643; x_wconf 85' lang='lat' dir='ltr'>spernere,</span> <span class='ocrx_word' id='word_1_191' title='bbox 1695 2546 1797 2618; x_wconf 88' lang='lat' dir='ltr'>otium</span> 
     </span>
     <span class='ocr_line' id='line_1_18' title="bbox 230 2663 1800 2766; baseline 0.002 -30"><span class='ocrx_word' id='word_1_192' title='bbox 230 2663 292 2736; x_wconf 91' lang='lat' dir='ltr'>sibi</span> <span class='ocrx_word' id='word_1_193' title='bbox 308 2663 426 2761; x_wconf 85' lang='lat' dir='ltr'>eligere</span> <span class='ocrx_word' id='word_1_194' title='bbox 442 2665 550 2764; x_wconf 90' lang='lat' dir='ltr'>potius</span> <span class='ocrx_word' id='word_1_195' title='bbox 568 2691 666 2765; x_wconf 90' lang='lat' dir='ltr'>quam</span> <span class='ocrx_word' id='word_1_196' title='bbox 681 2692 792 2738; x_wconf 91' lang='lat' dir='ltr'>curam</span> <span class='ocrx_word' id='word_1_197' title='bbox 809 2666 956 2737; x_wconf 89' lang='lat' dir='ltr'>omnium</span> <span class='ocrx_word' id='word_1_198' title='bbox 973 2679 1005 2737; x_wconf 88' lang='lat' dir='ltr'>et</span> <span class='ocrx_word' id='word_1_199' title='bbox 1022 2666 1055 2735; x_wconf 94' lang='lat' dir='ltr'>in</span> <span class='ocrx_word' id='word_1_200' title='bbox 1068 2664 1138 2763; x_wconf 92' lang='lat' dir='ltr'>ipso</span> <span class='ocrx_word' id='word_1_201' title='bbox 1151 2664 1215 2736; x_wconf 91' lang='lat' dir='ltr'>sibi</span> <span class='ocrx_word' id='word_1_202' title='bbox 1227 2664 1442 2764; x_wconf 87' lang='lat' dir='ltr'>complacare,</span> <span class='ocrx_word' id='word_1_203' title='bbox 1458 2665 1580 2765; x_wconf 90' lang='lat' dir='ltr'>quique</span> <span class='ocrx_word' id='word_1_204' title='bbox 1597 2665 1710 2738; x_wconf 90' lang='lat' dir='ltr'>dicunt</span> <span class='ocrx_word' id='word_1_205' title='bbox 1724 2693 1800 2766; x_wconf 88' lang='lat' dir='ltr'>pos-</span> 
     </span>
     <span class='ocr_line' id='line_1_19' title="bbox 165 2783 1800 2886; baseline 0.002 -30"><span class='ocrx_word' id='word_1_206' title='bbox 165 2849 170 2856; x_wconf 88' lang='lat'><em>.</em></span> <span class='ocrx_word' id='word_1_207' title='bbox 231 2783 337 2856; x_wconf 88' lang='lat' dir='ltr'>siones</span> <span class='ocrx_word' id='word_1_208' title='bbox 354 2785 389 2856; x_wconf 94' lang='lat' dir='ltr'>in</span> <span class='ocrx_word' id='word_1_209' title='bbox 410 2811 448 2858; x_wconf 90' lang='lat' dir='ltr'>eo</span> <span class='ocrx_word' id='word_1_210' title='bbox 471 2811 555 2868; x_wconf 90' lang='lat' dir='ltr'>esse,</span> <span class='ocrx_word' id='word_1_211' title='bbox 575 2785 706 2886; x_wconf 91' lang='lat' dir='ltr'>quando</span> <span class='ocrx_word' id='word_1_212' title='bbox 729 2788 877 2859; x_wconf 91' lang='lat' dir='ltr'>omnium</span> <span class='ocrx_word' id='word_1_213' title='bbox 896 2813 1004 2859; x_wconf 86' lang='lat' dir='ltr'>curam</span> <span class='ocrx_word' id='word_1_214' title='bbox 1027 2786 1125 2882; x_wconf 88' lang='lat' dir='ltr'>gerit,</span> <span class='ocrx_word' id='word_1_215' title='bbox 1140 2786 1249 2857; x_wconf 89' lang='lat' dir='ltr'>nescio</span> <span class='ocrx_word' id='word_1_216' title='bbox 1268 2784 1348 2886; x_wconf 89' lang='lat' dir='ltr'>quid</span> <span class='ocrx_word' id='word_1_217' title='bbox 1372 2785 1413 2857; x_wconf 90' lang='lat' dir='ltr'>de</span> <span class='ocrx_word' id='word_1_218' title='bbox 1428 2785 1469 2856; x_wconf 92' lang='lat' dir='ltr'>iis</span> <span class='ocrx_word' id='word_1_219' title='bbox 1487 2783 1612 2858; x_wconf 79' lang='lat' dir='ltr'>dicam?</span> <span class='ocrx_word' id='word_1_220' title='bbox 1627 2785 1800 2868; x_wconf 88' lang='lat' dir='ltr'>Quomodo</span> 
     </span>
     <span class='ocr_line' id='line_1_20' title="bbox 232 2904 1801 3007; baseline 0.003 -31"><span class='ocrx_word' id='word_1_221' title='bbox 232 2905 337 2976; x_wconf 82' lang='lat' dir='ltr'>vocari</span> <span class='ocrx_word' id='word_1_222' title='bbox 361 2917 467 3004; x_wconf 90' lang='lat' dir='ltr'>potest</span> <span class='ocrx_word' id='word_1_223' title='bbox 490 2905 710 2979; x_wconf 90' lang='lat' dir='ltr'>beatissimum</span> <span class='ocrx_word' id='word_1_224' title='bbox 738 2922 770 2980; x_wconf 90' lang='lat' dir='ltr'>et</span> <span class='ocrx_word' id='word_1_225' title='bbox 796 2905 1039 3007; x_wconf 86' lang='lat' dir='ltr'>incorruptibile</span> <span class='ocrx_word' id='word_1_226' title='bbox 1070 2933 1127 2978; x_wconf 90' lang='lat' dir='ltr'>ens</span> <span class='ocrx_word' id='word_1_227' title='bbox 1154 2905 1235 2976; x_wconf 91' lang='lat' dir='ltr'>illud</span> <span class='ocrx_word' id='word_1_228' title='bbox 1262 2904 1351 3005; x_wconf 92' lang='lat' dir='ltr'>quod</span> <span class='ocrx_word' id='word_1_229' title='bbox 1378 2905 1514 2978; x_wconf 83' lang='lat' dir='ltr'>scrutari</span> <span class='ocrx_word' id='word_1_230' title='bbox 1542 2933 1634 2978; x_wconf 91' lang='lat' dir='ltr'>mens</span> <span class='ocrx_word' id='word_1_231' title='bbox 1659 2905 1801 2980; x_wconf 86' lang='lat' dir='ltr'>bumana</span> 
     </span>
     <span class='ocr_line' id='line_1_21' title="bbox 233 3025 1804 3123; baseline 0.001 -27"><span class='ocrx_word' id='word_1_232' title='bbox 233 3025 323 3097; x_wconf 91' lang='lat' dir='ltr'>nullo</span> <span class='ocrx_word' id='word_1_233' title='bbox 346 3025 443 3098; x_wconf 92' lang='lat' dir='ltr'>modo</span> <span class='ocrx_word' id='word_1_234' title='bbox 463 3027 583 3099; x_wconf 71' lang='lat' dir='ltr'>valuit?</span> <span class='ocrx_word' id='word_1_235' title='bbox 607 3029 687 3110; x_wconf 87' lang='lat' dir='ltr'>Quae</span> <span class='ocrx_word' id='word_1_236' title='bbox 709 3056 781 3100; x_wconf 91' lang='lat' dir='ltr'>cum</span> <span class='ocrx_word' id='word_1_237' title='bbox 806 3029 850 3100; x_wconf 86' lang='lat' dir='ltr'>ita</span> <span class='ocrx_word' id='word_1_238' title='bbox 872 3029 953 3112; x_wconf 90' lang='lat' dir='ltr'>sint,</span> <span class='ocrx_word' id='word_1_239' title='bbox 977 3027 1088 3099; x_wconf 85' lang='lat' dir='ltr'>desine</span> <span class='ocrx_word' id='word_1_240' title='bbox 1115 3027 1256 3123; x_wconf 87' lang='lat' dir='ltr'>cogitare</span> <span class='ocrx_word' id='word_1_241' title='bbox 1281 3026 1366 3099; x_wconf 92' lang='lat' dir='ltr'>hanc</span> <span class='ocrx_word' id='word_1_242' title='bbox 1394 3053 1463 3099; x_wconf 89' lang='lat' dir='ltr'>esse</span> <span class='ocrx_word' id='word_1_243' title='bbox 1490 3053 1597 3098; x_wconf 86' lang='lat' dir='ltr'>veram</span> <span class='ocrx_word' id='word_1_244' title='bbox 1625 3027 1685 3098; x_wconf 89' lang='lat' dir='ltr'>Dei</span> <span class='ocrx_word' id='word_1_245' title='bbox 1708 3039 1804 3098; x_wconf 84' lang='lat' dir='ltr'>natu·</span> 
     </span>
     <span class='ocr_line' id='line_1_22' title="bbox 234 3146 1803 3248; baseline 0.001 -31"><span class='ocrx_word' id='word_1_246' title='bbox 234 3172 319 3230; x_wconf 89' lang='lat' dir='ltr'>ram,</span> <span class='ocrx_word' id='word_1_247' title='bbox 343 3146 499 3245; x_wconf 91' lang='lat' dir='ltr'>quoniam</span> <span class='ocrx_word' id='word_1_248' title='bbox 523 3147 587 3220; x_wconf 91' lang='lat' dir='ltr'>huc</span> <span class='ocrx_word' id='word_1_249' title='bbox 605 3176 708 3248; x_wconf 91' lang='lat' dir='ltr'>usque</span> <span class='ocrx_word' id='word_1_250' title='bbox 726 3150 831 3222; x_wconf 88' lang='lat' dir='ltr'>Deum</span> <span class='ocrx_word' id='word_1_251' title='bbox 854 3150 1000 3247; x_wconf 90' lang='lat' dir='ltr'>ignoras,</span> <span class='ocrx_word' id='word_1_252' title='bbox 1025 3175 1099 3220; x_wconf 91' lang='lat' dir='ltr'>cum</span> <span class='ocrx_word' id='word_1_253' title='bbox 1126 3147 1205 3219; x_wconf 92' lang='lat' dir='ltr'>dicis</span> <span class='ocrx_word' id='word_1_254' title='bbox 1235 3175 1310 3219; x_wconf 91' lang='lat' dir='ltr'>eum</span> <span class='ocrx_word' id='word_1_255' title='bbox 1340 3148 1382 3220; x_wconf 87' lang='lat' dir='ltr'>ab</span> <span class='ocrx_word' id='word_1_256' title='bbox 1403 3161 1522 3220; x_wconf 77' lang='lat' dir='ltr'>aterno</span> <span class='ocrx_word' id='word_1_257' title='bbox 1548 3147 1630 3220; x_wconf 91' lang='lat' dir='ltr'>nihil</span> <span class='ocrx_word' id='word_1_258' title='bbox 1654 3161 1803 3246; x_wconf 89' lang='lat' dir='ltr'>agentem</span> 
     </span>
     <span class='ocr_line' id='line_1_23' title="bbox 232 3267 1804 3369; baseline -0.001 -29"><span class='ocrx_word' id='word_1_259' title='bbox 232 3267 411 3340; x_wconf 84' lang='lat' dir='ltr'>necessario</span> <span class='ocrx_word' id='word_1_260' title='bbox 429 3267 616 3366; x_wconf 91' lang='lat' dir='ltr'>perdurare.</span> <span class='ocrx_word' id='word_1_261' title='bbox 635 3269 806 3351; x_wconf 82' lang='lat' dir='ltr'>Quomodo</span> <span class='ocrx_word' id='word_1_262' title='bbox 825 3269 912 3340; x_wconf 91' lang='lat' dir='ltr'>enim</span> <span class='ocrx_word' id='word_1_263' title='bbox 928 3268 1130 3340; x_wconf 87' lang='lat' dir='ltr'>beatissimus</span> <span class='ocrx_word' id='word_1_264' title='bbox 1149 3282 1180 3339; x_wconf 91' lang='lat' dir='ltr'>ct</span> <span class='ocrx_word' id='word_1_265' title='bbox 1195 3267 1449 3367; x_wconf 84' lang='lat' dir='ltr'>incorruptibilis</span> <span class='ocrx_word' id='word_1_266' title='bbox 1468 3269 1587 3369; x_wconf 91' lang='lat' dir='ltr'>estqui</span> <span class='ocrx_word' id='word_1_267' title='bbox 1604 3295 1623 3340; x_wconf 92' lang='lat' dir='ltr'>a</span> <span class='ocrx_word' id='word_1_268' title='bbox 1639 3282 1671 3341; x_wconf 91' lang='lat' dir='ltr'>te</span> <span class='ocrx_word' id='word_1_269' title='bbox 1689 3268 1804 3366; x_wconf 90' lang='lat' dir='ltr'>cogni-</span> 
     </span>
     <span class='ocr_line' id='line_1_24' title="bbox 233 3389 1803 3490; baseline 0.001 -32"><span class='ocrx_word' id='word_1_270' title='bbox 233 3403 285 3458; x_wconf 91' lang='lat' dir='ltr'>tus</span> <span class='ocrx_word' id='word_1_271' title='bbox 308 3415 372 3460; x_wconf 94' lang='lat' dir='ltr'>non</span> <span class='ocrx_word' id='word_1_272' title='bbox 391 3389 651 3490; x_wconf 78' lang='lat' dir='ltr'>suithumquid</span> <span class='ocrx_word' id='word_1_273' title='bbox 673 3390 835 3489; x_wconf 86' lang='lat' dir='ltr'>sapienter</span> <span class='ocrx_word' id='word_1_274' title='bbox 858 3389 945 3461; x_wconf 90' lang='lat' dir='ltr'>bona</span> <span class='ocrx_word' id='word_1_275' title='bbox 967 3417 1024 3461; x_wconf 89' lang='lat' dir='ltr'>sua</span> <span class='ocrx_word' id='word_1_276' title='bbox 1047 3389 1212 3460; x_wconf 89' lang='lat' dir='ltr'>distribuit</span> <span class='ocrx_word' id='word_1_277' title='bbox 1234 3389 1289 3460; x_wconf 85' lang='lat' dir='ltr'>ille</span> <span class='ocrx_word' id='word_1_278' title='bbox 1310 3389 1368 3489; x_wconf 93' lang='lat' dir='ltr'>qui</span> <span class='ocrx_word' id='word_1_279' title='bbox 1385 3389 1447 3461; x_wconf 94' lang='lat' dir='ltr'>sub</span> <span class='ocrx_word' id='word_1_280' title='bbox 1470 3416 1602 3462; x_wconf 85' lang='lat' dir='ltr'>eramen</span> <span class='ocrx_word' id='word_1_281' title='bbox 1625 3403 1719 3461; x_wconf 88' lang='lat' dir='ltr'>tuum</span> <span class='ocrx_word' id='word_1_282' title='bbox 1737 3415 1803 3461; x_wconf 94' lang='lat' dir='ltr'>non</span> 
     </span>
     <span class='ocr_line' id='line_1_25' title="bbox 231 3507 1804 3610; baseline 0.001 -31"><span class='ocrx_word' id='word_1_283' title='bbox 231 3507 338 3581; x_wconf 82' lang='lat' dir='ltr'>venitl</span> <span class='ocrx_word' id='word_1_284' title='bbox 354 3509 408 3581; x_wconf 84' lang='lat' dir='ltr'>Ast</span> <span class='ocrx_word' id='word_1_285' title='bbox 425 3535 485 3606; x_wconf 91' lang='lat' dir='ltr'>ego</span> <span class='ocrx_word' id='word_1_286' title='bbox 504 3509 575 3581; x_wconf 90' lang='lat' dir='ltr'>dico</span> <span class='ocrx_word' id='word_1_287' title='bbox 593 3509 681 3582; x_wconf 92' lang='lat' dir='ltr'>hunc</span> <span class='ocrx_word' id='word_1_288' title='bbox 699 3537 768 3582; x_wconf 90' lang='lat' dir='ltr'>esse</span> <span class='ocrx_word' id='word_1_289' title='bbox 788 3510 1009 3582; x_wconf 90' lang='lat' dir='ltr'>beatissimum</span> <span class='ocrx_word' id='word_1_290' title='bbox 1030 3524 1062 3581; x_wconf 90' lang='lat' dir='ltr'>et</span> <span class='ocrx_word' id='word_1_291' title='bbox 1077 3509 1237 3582; x_wconf 91' lang='lat' dir='ltr'>bonorum</span> <span class='ocrx_word' id='word_1_292' title='bbox 1258 3511 1459 3608; x_wconf 90' lang='lat' dir='ltr'>largitorem,</span> <span class='ocrx_word' id='word_1_293' title='bbox 1480 3511 1537 3610; x_wconf 93' lang='lat' dir='ltr'>qui</span> <span class='ocrx_word' id='word_1_294' title='bbox 1554 3509 1683 3608; x_wconf 89' lang='lat' dir='ltr'>adjutor</span> <span class='ocrx_word' id='word_1_295' title='bbox 1698 3507 1804 3581; x_wconf 88' lang='lat' dir='ltr'>bomi-</span> 
     </span>
     <span class='ocr_line' id='line_1_26' title="bbox 233 3628 1804 3729; baseline 0.001 -30"><span class='ocrx_word' id='word_1_296' title='bbox 233 3655 312 3699; x_wconf 93' lang='lat' dir='ltr'>num</span> <span class='ocrx_word' id='word_1_297' title='bbox 329 3640 376 3699; x_wconf 92' lang='lat' dir='ltr'>est</span> <span class='ocrx_word' id='word_1_298' title='bbox 391 3642 423 3699; x_wconf 91' lang='lat' dir='ltr'>et</span> <span class='ocrx_word' id='word_1_299' title='bbox 442 3628 638 3700; x_wconf 81' lang='lat' dir='ltr'>confortator</span> <span class='ocrx_word' id='word_1_300' title='bbox 655 3629 786 3701; x_wconf 93' lang='lat' dir='ltr'>illorum</span> <span class='ocrx_word' id='word_1_301' title='bbox 805 3631 931 3729; x_wconf 89' lang='lat' dir='ltr'>quispe</span> <span class='ocrx_word' id='word_1_302' title='bbox 948 3628 1092 3701; x_wconf 88' lang='lat' dir='ltr'>destituti</span> <span class='ocrx_word' id='word_1_303' title='bbox 1108 3633 1218 3702; x_wconf 87' lang='lat' dir='ltr'>sunt¹.</span> <span class='ocrx_word' id='word_1_304' title='bbox 1238 3630 1521 3713; x_wconf 85' lang='lat' dir='ltr'>Quemadmodum</span> <span class='ocrx_word' id='word_1_305' title='bbox 1539 3631 1625 3702; x_wconf 89' lang='lat' dir='ltr'>enim</span> <span class='ocrx_word' id='word_1_306' title='bbox 1643 3656 1709 3701; x_wconf 93' lang='lat' dir='ltr'>non</span> <span class='ocrx_word' id='word_1_307' title='bbox 1726 3657 1804 3729; x_wconf 94' lang='lat' dir='ltr'>pos-</span> 
     </span>
     <span class='ocr_line' id='line_1_27' title="bbox 232 3748 1802 3850; baseline 0.002 -31"><span class='ocrx_word' id='word_1_308' title='bbox 232 3748 452 3820; x_wconf 85' lang='lat' dir='ltr'>sumusverbo</span> <span class='ocrx_word' id='word_1_309' title='bbox 462 3763 572 3821; x_wconf 88' lang='lat' dir='ltr'>nostro</span> <span class='ocrx_word' id='word_1_310' title='bbox 584 3748 742 3823; x_wconf 90' lang='lat' dir='ltr'>malitiam</span> <span class='ocrx_word' id='word_1_311' title='bbox 759 3750 921 3822; x_wconf 92' lang='lat' dir='ltr'>malorum</span> <span class='ocrx_word' id='word_1_312' title='bbox 935 3751 1152 3850; x_wconf 90' lang='lat' dir='ltr'>perstringere</span> <span class='ocrx_word' id='word_1_313' title='bbox 1162 3751 1224 3822; x_wconf 92' lang='lat' dir='ltr'>nisi</span> <span class='ocrx_word' id='word_1_314' title='bbox 1240 3751 1331 3850; x_wconf 91' lang='lat' dir='ltr'>prius</span> <span class='ocrx_word' id='word_1_315' title='bbox 1343 3749 1427 3822; x_wconf 87' lang='lat' dir='ltr'>mala</span> <span class='ocrx_word' id='word_1_316' title='bbox 1443 3777 1557 3824; x_wconf 89' lang='lat' dir='ltr'>eorum</span> <span class='ocrx_word' id='word_1_317' title='bbox 1574 3777 1671 3850; x_wconf 89' lang='lat' dir='ltr'>opera</span> <span class='ocrx_word' id='word_1_318' title='bbox 1681 3750 1802 3822; x_wconf 90' lang='lat' dir='ltr'>videri-</span> 
     </span>
     <span class='ocr_line' id='line_1_28' title="bbox 233 3870 1802 3971; baseline 0.003 -32"><span class='ocrx_word' id='word_1_319' title='bbox 233 3895 319 3950; x_wconf 88' lang='lat' dir='ltr'>mus,</span> <span class='ocrx_word' id='word_1_320' title='bbox 329 3909 380 3924; x_wconf 83' lang='lat'>--</span> <span class='ocrx_word' id='word_1_321' title='bbox 390 3871 555 3942; x_wconf 88' lang='lat' dir='ltr'>nonenim</span> <span class='ocrx_word' id='word_1_322' title='bbox 573 3899 745 3970; x_wconf 91' lang='lat' dir='ltr'>possumus</span> <span class='ocrx_word' id='word_1_323' title='bbox 759 3885 905 3942; x_wconf 91' lang='lat' dir='ltr'>accurate</span> <span class='ocrx_word' id='word_1_324' title='bbox 921 3870 1101 3970; x_wconf 89' lang='lat' dir='ltr'>intelligere</span> <span class='ocrx_word' id='word_1_325' title='bbox 1117 3899 1252 3971; x_wconf 89' lang='lat' dir='ltr'>operum</span> <span class='ocrx_word' id='word_1_326' title='bbox 1268 3873 1513 3970; x_wconf 85' lang='lat' dir='ltr'>perlectionem,</span> <span class='ocrx_word' id='word_1_327' title='bbox 1523 3871 1602 3944; x_wconf 90' lang='lat' dir='ltr'>dum</span> <span class='ocrx_word' id='word_1_328' title='bbox 1615 3871 1802 3944; x_wconf 89' lang='lat' dir='ltr'>abscondita</span> 
     </span>
     <span class='ocr_line' id='line_1_29' title="bbox 232 3988 1802 4093; baseline 0.002 -33"><span class='ocrx_word' id='word_1_329' title='bbox 232 4003 309 4060; x_wconf 92' lang='lat' dir='ltr'>sunt</span> <span class='ocrx_word' id='word_1_330' title='bbox 325 3989 359 4061; x_wconf 94' lang='lat' dir='ltr'>in</span> <span class='ocrx_word' id='word_1_331' title='bbox 378 4003 485 4062; x_wconf 90' lang='lat' dir='ltr'>mente</span> <span class='ocrx_word' id='word_1_332' title='bbox 501 4005 533 4064; x_wconf 89' lang='lat' dir='ltr'>et</span> <span class='ocrx_word' id='word_1_333' title='bbox 548 3990 590 4061; x_wconf 87' lang='lat' dir='ltr'>ad</span> <span class='ocrx_word' id='word_1_334' title='bbox 605 3991 710 4062; x_wconf 88' lang='lat' dir='ltr'>lucem</span> <span class='ocrx_word' id='word_1_335' title='bbox 729 4017 795 4063; x_wconf 95' lang='lat' dir='ltr'>non</span> <span class='ocrx_word' id='word_1_336' title='bbox 811 4004 984 4075; x_wconf 86' lang='lat' dir='ltr'>venerunt,</span> <span class='ocrx_word' id='word_1_337' title='bbox 995 4034 1047 4047; x_wconf 93' lang='lat'><em>-</em></span> <span class='ocrx_word' id='word_1_338' title='bbox 1058 3993 1103 4063; x_wconf 88' lang='lat' dir='ltr'>ita</span> <span class='ocrx_word' id='word_1_339' title='bbox 1119 3992 1240 4092; x_wconf 89' lang='lat' dir='ltr'>pariter</span> <span class='ocrx_word' id='word_1_340' title='bbox 1257 4020 1313 4064; x_wconf 91' lang='lat' dir='ltr'>ens</span> <span class='ocrx_word' id='word_1_341' title='bbox 1331 3992 1552 4064; x_wconf 88' lang='lat' dir='ltr'>beatissimum</span> <span class='ocrx_word' id='word_1_342' title='bbox 1570 4005 1603 4064; x_wconf 88' lang='lat' dir='ltr'>et</span> <span class='ocrx_word' id='word_1_343' title='bbox 1619 3988 1731 4093; x_wconf 81' lang='lat'><strong>(118)</strong></span> <span class='ocrx_word' id='word_1_344' title='bbox 1747 3993 1802 4063; x_wconf 93' lang='lat' dir='ltr'>in-</span> 
     </span>
     <span class='ocr_line' id='line_1_30' title="bbox 233 4110 1800 4213; baseline 0.003 -32"><span class='ocrx_word' id='word_1_345' title='bbox 233 4110 441 4210; x_wconf 90' lang='lat' dir='ltr'>corruptibile</span> <span class='ocrx_word' id='word_1_346' title='bbox 461 4110 599 4183; x_wconf 90' lang='lat' dir='ltr'>dicimus</span> <span class='ocrx_word' id='word_1_347' title='bbox 621 4112 841 4184; x_wconf 88' lang='lat' dir='ltr'>beatissimum</span> <span class='ocrx_word' id='word_1_348' title='bbox 863 4127 938 4184; x_wconf 90' lang='lat' dir='ltr'>tunc</span> <span class='ocrx_word' id='word_1_349' title='bbox 964 4139 1039 4184; x_wconf 91' lang='lat' dir='ltr'>cum</span> <span class='ocrx_word' id='word_1_350' title='bbox 1065 4139 1163 4213; x_wconf 89' lang='lat' dir='ltr'>opera</span> <span class='ocrx_word' id='word_1_351' title='bbox 1185 4114 1311 4212; x_wconf 86' lang='lat' dir='ltr'>perficit</span> <span class='ocrx_word' id='word_1_352' title='bbox 1332 4114 1419 4185; x_wconf 92' lang='lat' dir='ltr'>illius</span> <span class='ocrx_word' id='word_1_353' title='bbox 1441 4112 1800 4198; x_wconf 76' lang='lat' dir='ltr'>bonitatemdeeentia,</span> 
     </span>
     <span class='ocr_line' id='line_1_31' title="bbox 232 4230 1801 4333; baseline 0.003 -32"><span class='ocrx_word' id='word_1_354' title='bbox 232 4230 275 4302; x_wconf 94' lang='lat' dir='ltr'>ob</span> <span class='ocrx_word' id='word_1_355' title='bbox 299 4257 397 4331; x_wconf 89' lang='lat' dir='ltr'>opera</span> <span class='ocrx_word' id='word_1_356' title='bbox 420 4233 589 4305; x_wconf 80' lang='lat' dir='ltr'>manifeste</span> <span class='ocrx_word' id='word_1_357' title='bbox 614 4233 701 4304; x_wconf 88' lang='lat' dir='ltr'>bona</span> <span class='ocrx_word' id='word_1_358' title='bbox 726 4261 798 4333; x_wconf 76' lang='lat' dir='ltr'>quaa</span> <span class='ocrx_word' id='word_1_359' title='bbox 822 4233 863 4304; x_wconf 90' lang='lat' dir='ltr'>ab</span> <span class='ocrx_word' id='word_1_360' title='bbox 890 4233 960 4333; x_wconf 88' lang='lat' dir='ltr'>ipso</span> <span class='ocrx_word' id='word_1_361' title='bbox 989 4233 1179 4333; x_wconf 90' lang='lat' dir='ltr'>procedunt.</span> <span class='ocrx_word' id='word_1_362' title='bbox 1197 4234 1377 4307; x_wconf 90' lang='lat' dir='ltr'>Visibilium</span> <span class='ocrx_word' id='word_1_363' title='bbox 1404 4246 1593 4333; x_wconf 84' lang='lat' dir='ltr'>conspectus</span> <span class='ocrx_word' id='word_1_364' title='bbox 1615 4233 1801 4306; x_wconf 90' lang='lat' dir='ltr'>abscondita</span> 
     </span>
     <span class='ocr_line' id='line_1_32' title="bbox 231 4350 1802 4456; baseline 0.003 -36"><span class='ocrx_word' id='word_1_365' title='bbox 231 4350 360 4423; x_wconf 85' lang='lat' dir='ltr'>revolat.</span> <span class='ocrx_word' id='word_1_366' title='bbox 383 4352 453 4424; x_wconf 90' lang='lat' dir='ltr'>Non</span> <span class='ocrx_word' id='word_1_367' title='bbox 477 4353 563 4425; x_wconf 91' lang='lat' dir='ltr'>enim</span> <span class='ocrx_word' id='word_1_368' title='bbox 585 4353 740 4452; x_wconf 90' lang='lat' dir='ltr'>sapientis</span> <span class='ocrx_word' id='word_1_369' title='bbox 762 4367 795 4426; x_wconf 90' lang='lat' dir='ltr'>et</span> <span class='ocrx_word' id='word_1_370' title='bbox 817 4355 954 4427; x_wconf 89' lang='lat' dir='ltr'>modesti</span> <span class='ocrx_word' id='word_1_371' title='bbox 975 4355 1035 4426; x_wconf 92' lang='lat' dir='ltr'>viri</span> <span class='ocrx_word' id='word_1_372' title='bbox 1057 4356 1163 4455; x_wconf 91' lang='lat' dir='ltr'>qualis</span> <span class='ocrx_word' id='word_1_373' title='bbox 1188 4356 1229 4428; x_wconf 86' lang='lat' dir='ltr'>sit</span> <span class='ocrx_word' id='word_1_374' title='bbox 1249 4355 1422 4456; x_wconf 86' lang='lat' dir='ltr'>prudentia</span> <span class='ocrx_word' id='word_1_375' title='bbox 1444 4356 1599 4438; x_wconf 91' lang='lat' dir='ltr'>noscitur,</span> <span class='ocrx_word' id='word_1_376' title='bbox 1623 4354 1685 4426; x_wconf 91' lang='lat' dir='ltr'>nisi</span> <span class='ocrx_word' id='word_1_377' title='bbox 1710 4353 1802 4453; x_wconf 84' lang='lat' dir='ltr'>prius</span> 
     </span>
     <span class='ocr_line' id='line_1_33' title="bbox 230 4471 1800 4576; baseline 0.004 -35"><span class='ocrx_word' id='word_1_378' title='bbox 230 4471 377 4544; x_wconf 75' lang='lat' dir='ltr'>laetanter</span> <span class='ocrx_word' id='word_1_379' title='bbox 398 4473 545 4546; x_wconf 86' lang='lat' dir='ltr'>absoluta</span> <span class='ocrx_word' id='word_1_380' title='bbox 561 4475 687 4546; x_wconf 85' lang='lat' dir='ltr'>virtutis</span> <span class='ocrx_word' id='word_1_381' title='bbox 711 4501 808 4576; x_wconf 88' lang='lat' dir='ltr'>opera</span> <span class='ocrx_word' id='word_1_382' title='bbox 831 4476 1034 4549; x_wconf 77' lang='lat' dir='ltr'>manifestam</span> <span class='ocrx_word' id='word_1_383' title='bbox 1057 4477 1229 4549; x_wconf 88' lang='lat' dir='ltr'>allecerint.</span> <span class='ocrx_word' id='word_1_384' title='bbox 1251 4476 1423 4560; x_wconf 91' lang='lat' dir='ltr'>Quomodo</span> <span class='ocrx_word' id='word_1_385' title='bbox 1443 4475 1800 4574; x_wconf 80' lang='lat' dir='ltr'>autemintclligcntiae</span> 
     </span>
     <span class='ocr_line' id='line_1_34' title="bbox 231 4591 1800 4697; baseline 0.003 -33"><span class='ocrx_word' id='word_1_386' title='bbox 231 4591 313 4664; x_wconf 91' lang='lat' dir='ltr'>entis</span> <span class='ocrx_word' id='word_1_387' title='bbox 333 4592 509 4666; x_wconf 87' lang='lat' dir='ltr'>beatissimi</span> <span class='ocrx_word' id='word_1_388' title='bbox 526 4593 802 4693; x_wconf 88' lang='lat' dir='ltr'>pulchritudinem</span> <span class='ocrx_word' id='word_1_389' title='bbox 818 4623 990 4695; x_wconf 92' lang='lat' dir='ltr'>possumus</span> <span class='ocrx_word' id='word_1_390' title='bbox 1006 4596 1193 4668; x_wconf 92' lang='lat' dir='ltr'>bominibus</span> <span class='ocrx_word' id='word_1_391' title='bbox 1211 4623 1377 4680; x_wconf 87' lang='lat' dir='ltr'>enarrare,</span> <span class='ocrx_word' id='word_1_392' title='bbox 1395 4597 1551 4697; x_wconf 91' lang='lat' dir='ltr'>quamdiu</span> <span class='ocrx_word' id='word_1_393' title='bbox 1570 4623 1677 4696; x_wconf 88' lang='lat' dir='ltr'>neque</span> <span class='ocrx_word' id='word_1_394' title='bbox 1699 4623 1800 4668; x_wconf 90' lang='lat' dir='ltr'>unam</span> 
     </span>
     <span class='ocr_line' id='line_1_35' title="bbox 231 4705 1798 4816; baseline 0.002 -31"><span class='ocrx_word' id='word_1_395' title='bbox 231 4740 344 4786; x_wconf 90' lang='lat' dir='ltr'>ansam</span> <span class='ocrx_word' id='word_1_396' title='bbox 361 4705 466 4798; x_wconf 84' lang='lat' dir='ltr'>dedit,</span> <span class='ocrx_word' id='word_1_397' title='bbox 477 4728 513 4786; x_wconf 91' lang='lat' dir='ltr'>ut</span> <span class='ocrx_word' id='word_1_398' title='bbox 527 4715 610 4786; x_wconf 93' lang='lat' dir='ltr'>illud</span> <span class='ocrx_word' id='word_1_399' title='bbox 626 4715 820 4812; x_wconf 87' lang='lat' dir='ltr'>attingentes</span> <span class='ocrx_word' id='word_1_400' title='bbox 838 4717 878 4788; x_wconf 90' lang='lat' dir='ltr'>de</span> <span class='ocrx_word' id='word_1_401' title='bbox 897 4745 935 4790; x_wconf 88' lang='lat' dir='ltr'>eo</span> <span class='ocrx_word' id='word_1_402' title='bbox 948 4717 1039 4816; x_wconf 92' lang='lat' dir='ltr'>loqui</span> <span class='ocrx_word' id='word_1_403' title='bbox 1052 4717 1235 4788; x_wconf 73' lang='lat' dir='ltr'>valeamus?</span> <span class='ocrx_word' id='word_1_404' title='bbox 1247 4716 1311 4799; x_wconf 90' lang='lat' dir='ltr'>Qui</span> <span class='ocrx_word' id='word_1_405' title='bbox 1326 4718 1414 4788; x_wconf 89' lang='lat' dir='ltr'>enim</span> <span class='ocrx_word' id='word_1_406' title='bbox 1424 4745 1483 4789; x_wconf 93' lang='lat' dir='ltr'>nos</span> <span class='ocrx_word' id='word_1_407' title='bbox 1499 4745 1565 4790; x_wconf 93' lang='lat' dir='ltr'>non</span> <span class='ocrx_word' id='word_1_408' title='bbox 1578 4717 1692 4790; x_wconf 84' lang='lat' dir='ltr'>excitat</span> <span class='ocrx_word' id='word_1_409' title='bbox 1704 4717 1798 4790; x_wconf 91' lang='lat' dir='ltr'>bonis</span> 
     </span>
     <span class='ocr_line' id='line_1_36' title="bbox 230 4833 1800 4937; baseline 0.003 -32"><span class='ocrx_word' id='word_1_410' title='bbox 230 4835 384 4935; x_wconf 88' lang='lat' dir='ltr'>operibus</span> <span class='ocrx_word' id='word_1_411' title='bbox 404 4835 485 4918; x_wconf 86' lang='lat' dir='ltr'>suis,</span> <span class='ocrx_word' id='word_1_412' title='bbox 506 4833 554 4906; x_wconf 81' lang='lat' dir='ltr'>rel</span> <span class='ocrx_word' id='word_1_413' title='bbox 577 4837 633 4935; x_wconf 89' lang='lat' dir='ltr'>qui</span> <span class='ocrx_word' id='word_1_414' title='bbox 655 4863 713 4908; x_wconf 93' lang='lat' dir='ltr'>nos</span> <span class='ocrx_word' id='word_1_415' title='bbox 734 4836 775 4908; x_wconf 94' lang='lat' dir='ltr'>ad</span> <span class='ocrx_word' id='word_1_416' title='bbox 793 4865 827 4909; x_wconf 89' lang='lat' dir='ltr'>sc</span> <span class='ocrx_word' id='word_1_417' title='bbox 851 4865 916 4910; x_wconf 93' lang='lat' dir='ltr'>non</span> <span class='ocrx_word' id='word_1_418' title='bbox 940 4837 1071 4910; x_wconf 85' lang='lat' dir='ltr'>attrahit</span> <span class='ocrx_word' id='word_1_419' title='bbox 1091 4837 1192 4921; x_wconf 86' lang='lat' dir='ltr'>lama,</span> <span class='ocrx_word' id='word_1_420' title='bbox 1211 4837 1376 4937; x_wconf 91' lang='lat' dir='ltr'>quomodo</span> <span class='ocrx_word' id='word_1_421' title='bbox 1393 4838 1571 4910; x_wconf 88' lang='lat' dir='ltr'>bonitatem</span> <span class='ocrx_word' id='word_1_422' title='bbox 1590 4839 1638 4910; x_wconf 93' lang='lat' dir='ltr'>illi</span> <span class='ocrx_word' id='word_1_423' title='bbox 1658 4838 1800 4911; x_wconf 90' lang='lat' dir='ltr'>tribuere</span> 
     </span>
     <span class='ocr_line' id='line_1_37' title="bbox 231 4955 1528 5057; baseline 0.003 -31"><span class='ocrx_word' id='word_1_424' title='bbox 231 4982 419 5056; x_wconf 87' lang='lat' dir='ltr'>possumus,</span> <span class='ocrx_word' id='word_1_425' title='bbox 439 4955 517 5028; x_wconf 90' lang='lat' dir='ltr'>dum</span> <span class='ocrx_word' id='word_1_426' title='bbox 534 4957 662 5028; x_wconf 87' lang='lat' dir='ltr'>bonitas</span> <span class='ocrx_word' id='word_1_427' title='bbox 678 4957 764 5029; x_wconf 94' lang='lat' dir='ltr'>illius</span> <span class='ocrx_word' id='word_1_428' title='bbox 779 4960 913 5057; x_wconf 86' lang='lat' dir='ltr'>ejusque</span> <span class='ocrx_word' id='word_1_429' title='bbox 928 4958 1114 5054; x_wconf 86' lang='lat' dir='ltr'>largitiones</span> <span class='ocrx_word' id='word_1_430' title='bbox 1132 4959 1266 5030; x_wconf 92' lang='lat' dir='ltr'>omuino</span> <span class='ocrx_word' id='word_1_431' title='bbox 1284 4959 1416 5032; x_wconf 76' lang='lat' dir='ltr'>occulta</span> <span class='ocrx_word' id='word_1_432' title='bbox 1434 4960 1528 5032; x_wconf 82' lang='lat' dir='ltr'>suntl</span> 
     </span>
    </p>
   </div>
   <div class='ocr_carea' id='block_1_3' title="bbox 282 5138 1798 5244">
    <p class='ocr_par' dir='ltr' id='par_1_3' title="bbox 282 5138 1798 5244">
     <span class='ocr_line' id='line_1_38' title="bbox 282 5138 1798 5244; baseline 0.004 -32"><span class='ocrx_word' id='word_1_433' title='bbox 282 5140 347 5214; x_wconf 83' lang='lat' dir='ltr'>XV.</span> <span class='ocrx_word' id='word_1_434' title='bbox 376 5138 511 5223; x_wconf 91' lang='lat' dir='ltr'>Quodsi</span> <span class='ocrx_word' id='word_1_435' title='bbox 526 5141 608 5214; x_wconf 80' lang='lat' dir='ltr'>banc</span> <span class='ocrx_word' id='word_1_436' title='bbox 625 5139 745 5214; x_wconf 89' lang='lat' dir='ltr'>habeas</span> <span class='ocrx_word' id='word_1_437' title='bbox 759 5142 798 5213; x_wconf 90' lang='lat' dir='ltr'>de</span> <span class='ocrx_word' id='word_1_438' title='bbox 810 5143 878 5215; x_wconf 89' lang='lat' dir='ltr'>Deo</span> <span class='ocrx_word' id='word_1_439' title='bbox 894 5141 1097 5243; x_wconf 89' lang='lat' dir='ltr'>opinionem,</span> <span class='ocrx_word' id='word_1_440' title='bbox 1112 5143 1172 5216; x_wconf 89' lang='lat' dir='ltr'>hoc</span> <span class='ocrx_word' id='word_1_441' title='bbox 1188 5159 1234 5217; x_wconf 92' lang='lat' dir='ltr'>est</span> <span class='ocrx_word' id='word_1_442' title='bbox 1250 5159 1359 5229; x_wconf 91' lang='lat' dir='ltr'>tuum,</span> <span class='ocrx_word' id='word_1_443' title='bbox 1375 5172 1438 5216; x_wconf 94' lang='lat' dir='ltr'>non</span> <span class='ocrx_word' id='word_1_444' title='bbox 1452 5144 1511 5217; x_wconf 85' lang='lat' dir='ltr'>Dei</span> <span class='ocrx_word' id='word_1_445' title='bbox 1530 5145 1712 5244; x_wconf 87' lang='lat' dir='ltr'>negotium,</span> <span class='ocrx_word' id='word_1_446' title='bbox 1726 5173 1798 5218; x_wconf 90' lang='lat' dir='ltr'>cum</span> 
     </span>
    </p>
   </div>
   <div class='ocr_carea' id='block_1_4' title="bbox 269 5331 1534 5410">
    <p class='ocr_par' dir='ltr' id='par_1_4' title="bbox 269 5331 1534 5410">
     <span class='ocr_line' id='line_1_39' title="bbox 269 5331 1534 5410; baseline 0.006 -25"><span class='ocrx_word' id='word_1_447' title='bbox 269 5335 275 5364; x_wconf 90' lang='lat'>¹</span> <span class='ocrx_word' id='word_1_448' title='bbox 295 5331 342 5386; x_wconf 85' lang='lat' dir='ltr'>Hic</span> <span class='ocrx_word' id='word_1_449' title='bbox 354 5333 419 5388; x_wconf 88' lang='lat' dir='ltr'>lorte</span> <span class='ocrx_word' id='word_1_450' title='bbox 429 5333 547 5388; x_wconf 84' lang='lat' dir='ltr'>alluditur</span> <span class='ocrx_word' id='word_1_451' title='bbox 558 5334 588 5388; x_wconf 83' lang='lat' dir='ltr'>ed</span> <span class='ocrx_word' id='word_1_452' title='bbox 603 5335 674 5390; x_wconf 87' lang='lat' dir='ltr'>Pauli</span> <span class='ocrx_word' id='word_1_453' title='bbox 688 5343 794 5396; x_wconf 79' lang='lat' dir='ltr'>textum,</span> <span class='ocrx_word' id='word_1_454' title='bbox 808 5337 817 5390; x_wconf 93' lang='lat' dir='ltr'>l</span> <span class='ocrx_word' id='word_1_455' title='bbox 831 5337 870 5391; x_wconf 75' lang='lat' dir='ltr'>At</span> <span class='ocrx_word' id='word_1_456' title='bbox 886 5337 1108 5400; x_wconf 71' lang='lat' dir='ltr'>Thessalonicenses,</span> <span class='ocrx_word' id='word_1_457' title='bbox 1122 5357 1153 5400; x_wconf 82' lang='lat' dir='ltr'>rr,</span> <span class='ocrx_word' id='word_1_458' title='bbox 1162 5339 1214 5392; x_wconf 62' lang='lat'>13:</span> <span class='ocrx_word' id='word_1_459' title='bbox 1228 5341 1260 5392; x_wconf 89' lang='lat' dir='ltr'>Ol</span> <span class='ocrx_word' id='word_1_460' title='bbox 1275 5342 1308 5406; x_wconf 74' lang='grc' dir='ltr'>μὴ</span> <span class='ocrx_word' id='word_1_461' title='bbox 1323 5337 1429 5410; x_wconf 57' lang='lat' dir='ltr'>Ignoras</span> <span class='ocrx_word' id='word_1_462' title='bbox 1439 5336 1534 5392; x_wconf 69' lang='grc' dir='ltr'>ἐλπίδι</span> 
     </span>
    </p>
   </div>
   <div class='ocr_carea' id='block_1_5' title="bbox 0 0 2013 6098">
    <p class='ocr_par' dir='ltr' id='par_1_5' title="bbox 0 0 2013 6098">
     <span class='ocr_line' id='line_1_40' title="bbox 0 0 2013 6098; baseline 0 0"><span class='ocrx_word' id='word_1_463' title='bbox 0 0 2013 6098; x_wconf 95' lang='lat' dir='ltr'> </span> 
     </span>
    </p>
   </div>
  </div>
 </body>
</html>
