3990 6092
652 553 920 622 Mtfltvttltttt
951 553 1111 621 SANC'l'l
1141 552 1325 621 lGNthl.
1703 554 1766 620 281

201 733 278 778 ame
293 703 414 778 malum
430 730 505 802 erga
519 704 681 776 demones
690 732 797 789 vocas,
813 705 970 778 assentior
982 718 1014 776 et
1029 731 1088 802 ego
1102 704 1284 776 :Christum
1297 703 1384 776 enim
1398 702 1556 776 coelestem
1571 701 1648 774 mihi
1662 729 1772 800 regem

200 828 356 925 «agnovi,
383 826 471 898 unde
493 825 679 898 damonum
697 826 844 899 omnium
870 825 1094 898 fraudulentas
1111 825 1366 899 machinationes
1383 826 1505 898 solvere
1522 825 1624 896 valeo.
1642 823 1771 897 Utinam

199 963 256 1020 aot
280 961 326 1032 te,
350 975 370 1019 ο
396 947 586 1047 Imperator,
613 946 653 1018 ob
680 946 844 1019 idolorum
866 946 955 1020 cultu
976 947 1164 1032 retrahens,
1188 946 1230 1018 ad
1253 947 1477 1020 universorum
1503 945 1607 1018 Deum
1634 945 1772 1017 ollerens

84 1117 86 1122 ,
199 1069 407 1169 «Christique
421 1066 560 1141 amicum
572 1067 771 1140 constituens
784 1068 907 1141 firmius
919 1081 1012 1140 tuum
1025 1067 1197 1168 imperium
1209 1067 1334 1140 efficere
1347 1068 1496 1168 possiml.
1507 1122 1532 1138 ..
1545 1067 1655 1166 Neque
1668 1092 1770 1166 aqua,

198 1217 321 1289 squam
343 1189 460 1262 vocatis
474 1187 674 1272 Ποσειδῶνα,
691 1215 797 1288 neque
814 1188 898 1287 ignis
917 1215 1014 1290 quem
1027 1188 1145 1260 vocatis
1162 1165 1341 1281 boareto,
1360 1214 1467 1287 neque
1484 1214 1540 1259 aer
1554 1213 1652 1286 quem
1666 1185 1771 1257 dicitis

198 1289 325 1410 «ἦραν,
344 1336 451 1411 neque
468 1323 553 1382 terra
569 1337 669 1410 qnam
684 1309 870 1410 appellastis
884 1315 1038 1410 Δημιίτριι
1056 1307 1173 1409 [digna
1188 1321 1264 1382 sunt
1279 1334 1351 1409 qnae
1370 1305 1574 1408 adorentur].
1585 1338 1618 1378 a.
1637 1364 1644 1379 .
1662 1362 1671 1381 .
1695 1307 1770 1379 llaec

197 1431 279 1504 laeta
297 1443 374 1502 sunt
400 1445 474 1503 ante
498 1457 620 1504 nonum
646 1429 797 1503 calendas
820 1431 1001 1502 Ianuarias.

251 1607 307 1680 lll.
336 1608 473 1679 Noverat
492 1620 527 1708 et
543 1606 659 1704 Ignatii
679 1607 868 1706 martyrium
889 1607 1050 1691 lrenaeus,
1071 1607 1206 1679 civitatis
1226 1606 1452 1704 Lugdunensis
1470 1605 1672 1706 episeopus1,
1695 1605 1768 1704 qni,

200 1728 269 1826 ejus
283 1727 433 1827 epistolas
450 1753 722 1810 commemorans,
740 1727 784 1799 ita
799 1727 945 1828 loquitur
960 1759 968 1799 :
986 1727 1064 1800 adit
1080 1727 1213 1827 quidam
1232 1728 1273 1799 de
1287 1727 1420 1811 nostris,
1432 1727 1505 1829 qui,
1522 1726 1563 1799 ad
1579 1726 1769 1826 martyrium

197 1847 292 1920 allen
306 1846 542 1946 praestandum,
555 1847 788 1920 condemnatus
806 1861 854 1920 est
870 1847 911 1920 ad
925 1847 1064 1921 bestias:
1081 1847 1269 1931 aQuoniam
1283 1848 1482 1920 frumentum
1499 1847 1559 1920 Dei
1576 1874 1648 1920 sum
1665 1859 1696 1920 et
1711 1875 1770 1947 per

199 1969 337 2040 edentes
353 1967 530 2040 bestiarum
545 1967 650 2040 molor
665 1980 703 2040 ut
718 1969 811 2069 panis
829 1981 957 2040 sanctus
974 1967 1156 2043 inveniar.»

250 2088 288 2160 Et
300 2088 511 2188 Polycarpus,
526 2088 765 2188 Smyrnaeorum
782 2088 915 2161 civitatis
933 2089 1118 2189 episcopus,
1134 2087 1202 2159 haec
1216 2101 1447 2161 commemorat
1464 2088 1498 2161 in
1516 2087 1651 2190 epistola
1669 2114 1767 2188 quam

196 2209 322 2309 scripsit
340 2209 382 2281 ad
399 2209 623 2309 Philippenses
632 2214 657 2294 ²,
676 2209 721 2282 ita
738 2240 746 2282 ι
764 2209 880 2282 «Nunc
895 2235 975 2307 rogo
994 2236 1049 2283 vos
1064 2235 1176 2282 omnes
1193 2209 1399 2309 persuaderi,
1416 2209 1531 2281 luctari
1546 2223 1578 2283 et
1600 2209 1767 2308 acquirere

196 2329 429 2431 «patientiam,
452 2357 550 2432 quam
573 2330 696 2402 vidistis
715 2331 817 2403 oeulis
834 2331 960 2416 vestris,
984 2357 1051 2404 non
1068 2330 1173 2403 solum
1191 2330 1224 2402 in
1243 2331 1343 2403 beato
1362 2331 1503 2428 lgnatio,
1523 2330 1579 2403 sed
1598 2344 1630 2402 et
1642 2330 1677 2402 in
1696 2357 1768 2402 om-

196 2452 318 2525 anibus
336 2452 454 2525 sanctis
474 2451 531 2552 qui
549 2452 682 2524 luerunt
699 2452 864 2537 intervos,
876 2465 908 2525 et
923 2453 957 2524 in
973 2465 1115 2524 mentem
1125 2479 1275 2525 revocare
1291 2451 1380 2552 quod
1396 2479 1462 2524 non
1476 2452 1509 2523 in
1522 2478 1641 2523 vanum
1655 2478 1767 2522 cucur-

196 2579 353 2646 arerunt³
377 2601 482 2674 neque
508 2573 542 2645 in
556 2601 675 2646 vanum
690 2573 934 2659 laboraverunt,
956 2573 1013 2646 sed
1041 2573 1105 2645 fide
1122 2586 1153 2646 et
1167 2573 1293 2671 justitia
1316 2573 1413 2646 vitam
1438 2601 1530 2646 snam
1549 2572 1766 2654 absolventes,

195 2696 262 2767 ead
279 2695 437 2794 promissa
454 2694 540 2767 bona
563 2709 780 2795 pervenerunt
799 2723 871 2797 quae
887 2695 1011 2796 paravit
1029 2695 1094 2767 illis
1109 2695 1256 2769 Salvator
1274 2694 1366 2768 Jesus
1384 2697 1475 2796 cujus
1489 2695 1647 2795 passionis
1664 2693 1767 2793 parti-

196 2815 308 2916 aeipes
327 2815 431 2888 ellecti
446 2828 537 2898 sunt,
557 2815 728 2915 quoniam,
746 2843 813 2889 non
832 2831 1039 2917 temporanea
1054 2843 1073 2888 a
1088 2815 1241 2902 saeculol,
1258 2817 1315 2889 sed
1332 2817 1495 2890 Christum
1513 2817 1694 2889 dilexerunt
1710 2815 1766 2912 qui

194 2963 278 3037 apro
297 2936 360 3009 illis
374 2949 522 3008 mortuus
536 2948 584 3008 est
601 2948 634 3008 et
645 2935 854 3009 resurrexit.»

246 3057 438 3130 ιιΜίιὶιιιιιι5
450 3055 557 3129 advos
573 3055 739 3155 epistolam
755 3055 844 3128 illam
865 3083 963 3157 quam
980 3055 1106 3156 scripsit
1119 3057 1236 3129 Beatus
1248 3054 1307 3159 (5)
1318 3055 1478 3156 Ignatius,
1491 3056 1766 3156 quemadmodum

194 3179 414 3279 «praecepistis
428 3177 533 3249 nobis.
553 3176 660 3259 Onam
676 3189 707 3248 et
722 3202 777 3248 vos
792 3175 936 3275 legentes
953 3176 1093 3248 multum
1109 3177 1227 3249 scimus
1243 3178 1482 3277 prolecturus.»

245 3301 317 3373 Huc
339 3325 442 3398 usque
460 3324 532 3397 quoa
553 3296 692 3370 attinent
707 3297 749 3369 ad
767 3298 903 3370 Beatum
918 3297 1081 3396 Ignatium
1098 3299 1233 3399 ejusque
1250 3299 1452 3396 martyrium.
1468 3341 1520 3353 -
1537 3299 1765 3399 Episcopatum

193 3418 430 3490 Antiochenam
448 3416 648 3491 successione
664 3416 806 3488 obtinuit
820 3417 942 3490 Heron.
963 3417 1190 3490 -Memoria
1210 3418 1268 3492 Dei
1288 3419 1427 3491 amantis
1452 3431 1483 3491 et
1506 3419 1623 3491 virtute
1640 3418 1766 3518 praediti

194 3538 422 3613 commilitonis
439 3539 572 3626 Christi,
591 3539 724 3636 Ignatii,
744 3539 897 3612 recolitur
920 3539 1026 3640 prima
1043 3538 1096 3612 die
1112 3539 1232 3614 mensis
1249 3538 1425 3614 H'roditc⁶.

246 3661 314 3733 Hoc
335 3659 426 3732 vobis
443 3673 556 3733 notum
573 3659 724 3745 facimus,
739 3673 792 3746 ut,
815 3661 868 3734 die
883 3661 1028 3761 martyrii
1046 3662 1132 3760 ejus,
1153 3661 1378 3734 convenientes
1397 3661 1640 3734 communicetis
1657 3674 1766 3734 sancto

194 3781 313 3855 Christi
331 3781 559 3867 commilitoni,
583 3783 656 3882 qni,
676 3782 804 3856 satana
826 3782 955 3855 aculeos
980 3782 1121 3866 calcans,
1140 3780 1340 3856 laudabilem
1364 3809 1493 3856 cursum
1511 3809 1607 3855 suum
1632 3782 1767 3856 absolvit

193 3928 252 4004 per
263 3901 427 3976 Christum
444 3901 570 3988 lesum,
585 3903 761 3976 Dominum
782 3916 945 3989 nostrum,
965 3904 1018 3976 cui
1036 3930 1109 3975 eum
1127 3903 1222 3976 Patre
1238 3903 1334 3977 simul
1353 3914 1385 3976 et
1403 3931 1475 3976 cum
1491 3903 1615 4006 Spiritu
1629 3904 1766 3987 Sancto,

193 4023 312 4122 gloria,
327 4023 472 4124 potentia
489 4036 522 4096 et
540 4023 654 4096 honor.
1714 4037 1720 4048 '

192 4227 276 4274 autem
299 4236 344 4292 per
356 4227 660 4296 ωυωιωὸηψω,
676 4239 732 4294 quae
750 4237 822 4274 voces
843 4216 942 4294 signifi·
1015 4217 1122 4274 leoderii
1132 4219 1227 4274 armeni
1238 4219 1344 4294 antiqui.
1353 4220 1416 4275 Cum
1430 4239 1488 4276 vero
1498 4219 1599 4276 Armeni
1611 4221 1665 4274 365
1676 4218 1730 4274 dies
1740 4219 1768 4273 in

193 4318 250 4365 caut
269 4311 400 4366 hominem
419 4309 468 4366 Deo
489 4313 608 4368 vestitum.
627 4343 663 4353 —
681 4315 689 4346 ¹
710 4313 737 4367 S.
750 4313 873 4376 lrenaeus,
888 4312 940 4366 Av-
1015 4331 1082 4368 anno
1092 4320 1189 4367 tantum
1199 4311 1493 4388 computarent,difficile
1502 4321 1539 4368 est
1547 4312 1629 4368 dicere
1641 4313 1685 4386 qui
1695 4331 1767 4367 men-

194 4423 276 4457 oerm
294 4403 416 4470 Hoereuer,
431 4404 459 4469 V,
475 4423 529 4479 cap.
550 4424 627 4470 ιιιιι,
643 4407 670 4460 3.
685 4405 729 4460 Ch·
745 4405 835 4460 Euseb.
850 4405 958 4460 llirtor.‘
1016 4405 1389 4480 sisetdiesprimoedv'aimrmir
1400 4405 1511 4461 ll'rodv'tz
1522 4405 1766 4481 comspondcantin

193 4496 274 4550 eccles.
288 4516 329 4560 vu,
342 4497 386 4552 36.
397 4501 453 4537 -¹
473 4497 499 4552 S.
514 4496 675 4572 Polycarpuo,
687 4495 839 4571 Epistolood
855 4497 942 4570 Philip.
1017 4517 1083 4553 anno
1102 4499 1234 4554 emortuali
1251 4501 1279 4555 S.
1297 4499 1395 4574 Ignatii.
1414 4501 1450 4554 Ex
1469 4498 1570 4554 domino
1584 4499 1726 4562 Dulauricr,
1740 4499 1767 4552 in

194 4607 225 4643 ιι.
239 4589 309 4643 Zaba
328 4608 352 4663 p.
368 4591 429 4645 aab.
439 4621 476 4632 -
489 4593 499 4625 ³
518 4589 557 4645 dd
571 4589 673 4666 Philipp.
690 4609 722 4656 ιι,
739 4592 781 4646 ¹6.
794 4592 852 4633 -⁴
870 4591 893 4645 ll
905 4590 945 4645 dd
1017 4609 1106 4666 opere:
1116 4591 1260 4647 Rechsrclrss
1271 4612 1315 4647 rur
1324 4593 1507 4668 lochrooologic
1518 4595 1679 4656 micans,
1688 4593 1767 4666 prima

196 4679 296 4737 Timoth.
315 4701 348 4747 ιι,
366 4703 409 4739 ιο.
423 4687 481 4725 -¹
500 4685 528 4741 S.
549 4683 674 4759 Polycavp.
692 4683 769 4758 Epist.
785 4686 819 4739 od
838 4684 942 4758 Philipp.
1017 4684 1071 4740 dieo
1093 4685 1184 4740 mensis
1201 4685 1312 4741 ll'roditc
1335 4685 1462 4741 cecidisset
1484 4686 1512 4740 in
1534 4684 1603 4740 diem
1623 4685 1768 4760 vigesimam

194 4773 275 4839 Zaho,
286 4795 312 4850 p.
324 4775 429 4832 ι3ο.-
441 4781 452 4810 ⁴
471 4777 564 4833 Mensis
572 4775 681 4832 H'rodr'tz
691 4776 897 4835 duodecimusest
906 4797 945 4832 ca·
1018 4779 1131 4852 quintam
1143 4781 1236 4835 mevvsis
1246 4779 1392 4853 septembris
1403 4797 1469 4834 anno
1479 4784 1538 4834 cvn'
1547 4799 1602 4834 aerae
1617 4777 1766 4834 christiana.
