4006 6098
279 549 346 616 338
631 547 805 614 Parnon
831 547 1228 664 th'l'ElllCAENORUbl
1255 548 1491 616 anathem.

1032 809 1092 898 Xt

792 993 1012 1068 saturus
1040 993 1332 1066 cinelinus.

1047 1307 1088 1389 l⁰

405 1481 562 1550 SANGTI
589 1479 797 1547 CYPthNl
825 1435 925 1559 ΟΠΞ
952 1477 1211 1579 SUPERSUNT
1239 1477 1426 1546 SYthCll
1452 1479 1730 1548 FRAGMENTA.

1054 1655 1070 1724 1

808 1787 1002 1850 uetsrout
1027 1787 1079 1849 ΑΙ)
1106 1785 1314 1862 Qulttsttttt

332 1926 512 2026 Cyprianus
528 1923 668 2010 Quinto,
685 1923 777 1996 lratri
794 1950 883 2008 meo,
902 1922 1037 1996 salutem
1056 1923 1090 1994 iu
1109 1923 1259 1996 Domino.

330 2066 490 2138 Lucienus
508 2064 756 2165 compresbyter,
772 2064 871 2136 irater
888 2063 1092 2136 dilectissime
1104 2066 1129 2147 ²,
1146 2062 1230 2136 mihi
1248 2063 1406 2138 enarravit
1425 2076 1546 2163 quanto
1568 2063 1636 2135 nelo
1662 2077 1851 2164 quantaque
1978 2125 1979 2142 ,

278 2213 355 2258 cura
380 2186 509 2280 studeas
532 2212 723 2282 cognoscere
750 2212 822 2284 quae
843 2183 1035 2284 baptizatos,
1058 2183 1108 2258 vel
1131 2182 1218 2284 apud
1240 2182 1420 2268 hereticos,
1434 2182 1483 2256 vol
1506 2182 1594 2282 apud
1616 2183 1851 2271 schismaticos,

274 2307 463 2408 respiciunt.
498 2307 536 2379 llt
566 2307 720 2405 quoniam
746 2304 837 2404 prius
867 2304 961 2376 multi
991 2304 1186 2404 coepiscopi,
1214 2301 1373 2405 multique
1406 2304 1655 2404 compresbyteri
1679 2305 1713 2376 in
1745 2334 1851 2380 unum
1978 2303 1979 2306 ¹

276 2427 535 2508 convenerimus,
559 2437 655 2523 atque
680 2424 721 2497 de
746 2424 796 2496 his
821 2425 919 2497 rebus
943 2425 1178 2508 censuerimus,
1203 2425 1305 2524 ipsam
1327 2425 1519 2496 sententiam
1542 2421 1719 2525 (nostram)
1742 2441 1775 2499 et
1791 2455 1851 2499 vo-

276 2547 434 2618 luntatem
459 2572 518 2616 nos
541 2571 652 2617 omnes
676 2542 737 2645 (ed
760 2541 807 2645 te)
825 2545 1075 2630 transmisimus,
1097 2557 1135 2616 ut
1152 2572 1324 2642 cognoscas
1346 2545 1526 2617 doctrinam
1548 2560 1706 2630 nostram,
1731 2547 1852 2620 scilicet

277 2665 463 2766 opinionem
492 2692 566 2765 quae
594 2665 688 2736 uobis
711 2664 861 2736 omnihus
896 2665 1002 2737 arrisit
1028 2679 1059 2736 ct
1082 2664 1212 2764 placuit.
1238 2664 1288 2738 hd
1310 2679 1340 2738 te
1360 2666 1433 2738 misi
1458 2667 1640 2768 exemplum
1660 2666 1850 2770 (epistolae).

277 2784 419 2869 Quidam
436 2786 522 2858 enim
541 2812 577 2857 ex
597 2785 792 2887 coepiscopis
811 2785 943 2868 uostris,
972 2785 1059 2857 mala
1074 2787 1326 2887 presumptione
1341 2787 1445 2872 ducti,
1471 2813 1537 2859 non
1555 2815 1623 2860 esse
1640 2787 1851 2888 baptizandos

276 2906 350 2978 illos
366 2906 422 3006 qui
440 2906 527 3007 apud
544 2906 711 2977 hereticos
729 2904 879 3004 baptizati
899 2919 975 2977 sunt
992 2906 1177 3005 opinantur,
1196 2907 1294 2978 etiam
1311 2906 1500 3007 quandoad
1518 2935 1576 2980 nos
1594 2908 1744 2992 veniunt,
1761 2935 1798 2980 cx
1811 2937 1849 2980 eo
1934 2955 1937 2958 -

278 3028 368 3127 quod
385 3027 494 3099 dicant
506 3054 609 3098 uuum
627 3053 696 3099 esse
712 3026 883 3128 baptisma.
902 3025 1022 3098 Verum
1035 3028 1096 3099 hoc
1114 3026 1300 3127 ubsque'rei
1315 3027 1526 3126 intelligentia
1542 3027 1701 3100 dixerunt.
1719 3028 1850 3101 Certum

278 3148 411 3247 quidem
435 3161 483 3219 est
500 3148 631 3219 unicum
651 3173 718 3219 esse
736 3148 911 3247 baptisma,
928 3160 960 3219 et
980 3148 1040 3218 hoc
1067 3147 1290 3220 tantummodo
1312 3148 1347 3220 in
1374 3147 1512 3220 Ecclesia
1538 3148 1704 3220 catholica.
1724 3147 1761 3219 lu
1785 3148 1849 3220 alio

279 3269 365 3342 euim
380 3270 450 3341 loco
474 3297 541 3341 esse
559 3264 754 3370 (baptisma)
773 3296 840 3340 non
859 3281 978 3368 potest,
997 3268 1152 3368 quoniam
1175 3269 1240 3340 duo
1260 3268 1452 3368 baptismata
1471 3295 1538 3340 esse
1557 3295 1622 3340 non
1646 3282 1794 3368 possunt.
1813 3269 1850 3341 si

279 3390 377 3488 igitur
394 3389 534 3462 heretici
558 3417 630 3461 vere
652 3390 831 3490 baptizant,
852 3388 900 3461 illi
918 3402 994 3460 sunt
1019 3416 1120 3488 penes
1137 3416 1219 3490 quos
1238 3403 1286 3462 ast
1309 3389 1485 3491 baptisma;
1510 3403 1542 3462 et
1566 3390 1623 3490 qui
1639 3389 1701 3462 hoc
1722 3389 1786 3464 illis
1807 3389 1848 3460 tle

280 3509 468 3582 auctoritate
486 3537 543 3581 sua
561 3523 706 3609 praestat,
729 3510 804 3581 hic³
823 3509 919 3581 etiam
940 3509 1004 3580 illis
1019 3510 1195 3594 consentit,
1214 3522 1251 3581 ut
1264 3510 1365 3582 hostis
1384 3524 1415 3582 et
1430 3510 1630 3583 adversarius
1646 3510 1765 3583 Christi
1783 3537 1850 3582 cre-

279 3632 375 3703 datur
389 3630 510 3703 habere
524 3631 667 3703 solvendi
683 3644 715 3702 et
731 3630 870 3728 ligandi,
890 3629 1083 3730 purificandi
1098 3629 1264 3702 hominem
1283 3644 1315 3702 et
1330 3629 1550 3702 sanctificandi
1568 3644 1767 3731 potestatem.
1787 3631 1849 3704 Nos

280 3766 388 3824 autem
406 3750 542 3824 dicimus
561 3779 614 3823 eos
632 3751 690 3851 qui
706 3751 782 3822 inde
800 3751 933 3822 veniunt
954 3777 1020 3823 nou
1037 3751 1228 3850 rebaptizari
1246 3750 1334 3851 apud
1356 3777 1432 3836 nos,
1453 3752 1510 3824 sed
1528 3752 1752 3825 tantummodo
1769 3753 1852 3852 bap-

280 3873 380 3944 tizari.
400 3872 510 3972 Neque
529 3873 616 3944 enim
636 3873 780 3971 accipere
794 3884 931 3971 possunt
947 3871 1012 3944 illic
1030 3871 1153 3971 aliquid
1175 3871 1232 3942 uhi
1249 3871 1332 3944 nihil
1349 3885 1412 3956 est;
1437 3872 1494 3945 sed
1514 3873 1647 3945 veniunt
1665 3873 1705 3944 ad
1732 3901 1791 3960 nos
1814 3887 1852 3945 ut

279 3992 332 4065 hic
350 3993 509 4094 accipiant
522 3991 580 4064 uhi
595 3995 648 4064 etl
664 3992 768 4089 gratia
785 4019 852 4064 uua
871 4006 902 4065 et
916 3993 1030 4064 veritas
1049 4019 1116 4063 una
1132 4005 1189 4064 est.
1209 3992 1309 4064 Porro
1325 3992 1460 4093 quidam
1476 3993 1515 4064 de
1529 3993 1724 4094 coepiscopis
1735 3995 1850 4068 nostris

281 4113 409 4186 malunt
425 4113 581 4185 haereticis
596 4113 754 4185 honorem
771 4113 847 4186 dare
864 4139 961 4212 quam
978 4111 1071 4184 nohis
1088 4139 1255 4185 assensum
1271 4113 1415 4212 praebere
1433 4127 1466 4185 et
1484 4113 1652 4185 nobiscum
1667 4115 1800 4199 sentire;
1819 4129 1852 4186 et
1978 4115 1979 4182 l

282 4236 375 4336 quia,
394 4235 491 4306 unius
504 4233 656 4333 baptismi
676 4233 912 4317 observatione,
929 4233 1092 4306 venientes
1109 4232 1151 4305 ad
1167 4260 1225 4306 uos
1242 4234 1282 4306 ab
1295 4233 1451 4306 haereticis
1468 4233 1629 4335 baptizare
1645 4236 1778 4318 nolunt,
1790 4235 1851 4320 sic,

281 4369 339 4428 aut
355 4355 417 4455 ipsi
434 4355 499 4427 duo
519 4355 712 4455 baptismata
732 4353 957 4438 introducunt,
976 4355 1055 4426 dum
1079 4367 1110 4426 et
1132 4355 1220 4456 apud
1240 4353 1408 4427 hereticos
1424 4354 1583 4458 baptisma
1601 4354 1687 4457 (73)
1707 4370 1770 4441 est,
1796 4371 1852 4430 aut

282 4475 415 4560 iterum,
432 4459 520 4574 quod
539 4489 585 4547 est
597 4477 704 4576 pejus,
723 4473 925 4549 immundam
943 4489 974 4548 et
991 4475 1156 4548 sordidam
1179 4471 1405 4550 hereticorum
1426 4475 1612 4548 tinctionem
1630 4476 1854 4578 aliquid'prae-

282 4595 419 4669 stantius
436 4608 468 4666 et
482 4596 597 4667 melius
615 4623 698 4679 esse,
713 4609 745 4668 et
761 4597 879 4668 verost
895 4597 991 4667 unico
1008 4609 1040 4668 et
1054 4594 1198 4694 legitimo
1214 4596 1361 4668 Ecclesiae
1382 4595 1542 4696 baptismo
1560 4597 1772 4698 pronuntiare
1795 4624 1854 4669 au-

283 4716 382 4789 dent:
403 4715 480 4817 quia
499 4743 563 4788 non
580 4716 766 4813 intelligunt
788 4743 893 4816 neque
911 4717 1020 4789 rident
1042 4716 1105 4788 hoc
1122 4717 1218 4788 etiam
1240 4717 1395 4816 scriptum
1412 4745 1502 4790 esse:
1524 4717 1613 4801 «Oui
1638 4716 1817 4816 baptizatur
1834 4744 1854 4788 a

284 4851 453 4920 emortuo,
470 4835 550 4936 quid
567 4837 695 4935 proficit
713 4837 829 4909 lavatio
849 4840 918 4934 ejus
929 4839 988 4907 ⁵2„
1008 4836 1211 4908 Manifestum
1230 4851 1278 4908 est
1295 4851 1404 4910 autem
1418 4865 1473 4911 eos
1489 4839 1545 4939 qui
1563 4865 1629 4910 non
1644 4850 1721 4908 sunt
1737 4836 1778 4908 de
1795 4835 1855 4909 Ec-

283 4958 380 5030 clesia
396 4957 550 5030 catholica
569 4957 644 5040 Dei,
667 4958 912 5029 intermortuos
931 4959 1109 5057 computari
1129 4983 1188 5030 nec
1209 4985 1302 5059 posse
1321 4959 1459 5031 alterum
1480 4958 1655 5030 vivificari⁶
1678 4958 1719 5030 ah
1739 4983 1778 5030 eo
1796 4959 1855 5058 qui

321 5118 328 5146 ¹
349 5113 392 5168 Clr
413 5113 510 5187 Migno,
528 5112 619 5168 Patrol.
640 5112 709 5176 Lat,
730 5113 778 5172 tlt,
795 5113 878 5177 1103,
896 5121 922 5166 et
939 5110 1031 5186 Corpus
1105 5118 1116 5148 ³
1134 5113 1337 5190 ldmargincm:
1353 5114 1588 5172 iubentium-⁴
1607 5115 1854 5188 Hicomittitsprus:

291 5329 321 5340 -
337 5301 346 5330 ¹
365 5298 402 5352 hd
419 5299 524 5352 litteram
545 5319 558 5350 o
565 5299 651 5370 frater
666 5299 762 5362 dilecta,
779 5305 804 5352 et
820 5297 854 5352 ita
873 5297 973 5372 ubique.
993 5331 1029 5338 —
1105 5301 1148 5355 30.
1162 5303 1223 5342 -⁸
1241 5301 1302 5356 cot.
1317 5303 1403 5355 clusus.
