4006 6098
286 550 353 616 tuo
638 549 811 616 PATRUM
837 549 1236 618 turunlcnuonun
1269 551 1504 618 leLEG'lrl.

927 811 963 882 B.
992 838 1028 883 rr
1045 837 1117 884 rosr
1133 838 1221 884 sarr:

338 985 505 1086 aldeoquc
524 999 556 1058 et
573 985 662 1084 quod
683 999 832 1058 nascetur
850 1013 885 1058 ex
904 1000 936 1059 te
959 1000 1122 1070 sanctum,
1142 987 1308 1059 vocabitur
1327 987 1350 1058 F
1352 986 1427 1058 ilius
1447 986 1563 1058 Dei¹.n
1583 987 1681 1068 Quod
1701 987 1870 1060 decarne

286 1107 427 1179 noscitur
439 1134 513 1179 οπο
529 1106 662 1206 quidem
678 1119 740 1190 est3
753 1106 809 1178 sed
822 1105 925 1179 illaria
935 1108 969 1179 in
985 1134 1081 1179 earne
1092 1107 1193 1180 edidit
1207 1108 1383 1179 Dominum
1399 1121 1545 1179 nostrum
1554 1108 1663 1179 lesum
1675 1109 1845 1181 Christum
1858 1167 1869 1194 ‚

286 1227 341 1327 qui
357 1255 430 1300 vere
445 1255 531 1299 unus
546 1241 578 1298 et
593 1225 679 1299 idem
695 1242 758 1311 est,
782 1241 814 1298 et
833 1254 898 1300 non
917 1227 998 1299 alius
1021 1241 1118 1328 utque
1141 1229 1234 1300 alius.
1250 1227 1355 1301 Absit!
1378 1227 1459 1300 Vere
1481 1229 1567 1300 onim
1590 1227 1725 1301 dicimus
1745 1230 1866 1302 lesum

286 1375 354 1420 esso
372 1347 566 1432 Dominum,
583 1348 750 1420 eredentes
767 1349 943 1448 prasertim
959 1348 1069 1421 lesum
1083 1376 1150 1421 esse
1163 1348 1281 1421 Filium
1296 1349 1373 1433 Dei,
1388 1349 1563 1448 lesumque
1581 1375 1649 1422 esse
1673 1349 1863 1434 Christum,

286 1468 554 1569 sicutdpostolis,
571 1481 643 1567 post
659 1470 896 1553 ascensionem,
911 1469 979 1568 ipse
992 1469 1085 1542 lesus
1102 1469 1187 1541 visus
1204 1480 1262 1541 esti

913 1704 948 1776 C.
978 1729 1013 1774 rr
1030 1728 1102 1775 rosr
1120 1706 1224 1776 anst:

340 1877 410 1976 lpse
425 1891 534 1949 autern
551 1877 638 1949 Deus
655 1875 813 1960 Verbum,
833 1877 954 1976 absque
973 1877 1031 1949 viri
1044 1877 1233 1960 concubitu,
1250 1875 1308 1948 sed
1325 1877 1392 1948 sola
1403 1876 1565 1949 voluntate
1582 1877 1655 1959 Dei,
1672 1875 1728 1976 qui
1745 1877 1859 1948 omnia

284 2009 389 2096 potest
406 1998 526 2080 lacere,
546 1997 649 2069 sactus
665 2011 712 2069 est
729 2025 802 2068 οπο
816 1997 850 2068 in
870 2009 960 2069 utero
972 1998 1128 2096 Virginis,
1147 2024 1214 2069 non
1232 1997 1381 2095 indigens
1393 1998 1599 2098 operatione³
1615 2009 1671 2068 aut
1685 1998 1859 2096 praesentia

288 2117 437 2189 bominis.
461 2118 628 2190 Ellicacius
649 2119 735 2190 enim
763 2119 894 2190 homine
914 2133 1045 2218 operata
1066 2131 1114 2190 est
1136 2119 1170 2192 in
1192 2118 1322 2216 Virgine
1340 2118 1439 2191 virtus
1468 2119 1542 2202 Dei,
1569 2145 1641 2219 quae
1663 2144 1858 2217 supeream

288 2239 453 2311 deseendit
469 2266 542 2311 cum
558 2238 680 2339 Spiritu
692 2239 811 2311 Sancto
829 2239 884 2339 qui
902 2239 936 2311 in
948 2266 1019 2311 eam
1037 2239 1135 2311 venit.

868 2471 907 2542 D.
935 2497 1125 2543 arcionem
1143 2497 1275 2542 narrare.

336 2648 552 2748 Quapropter,
570 2674 644 2719 eum
656 2646 762 2720 editus
781 2661 863 2720 esset
881 2648 1089 2732 Emmanuel,
1112 2647 1172 2720 Dei
1192 2647 1383 2747 genitricem
1404 2647 1566 2744 Virginem
1587 2646 1737 2747 perfecit,
1759 2673 1795 2717 ex
1819 2674 1858 2718 ea

286 2767 425 2867 glorioso
444 2769 629 2840 incarnatos
646 2781 678 2840 et
697 2778 796 2842 ortus.
816 2766 930 2869 (189)

1054 3053 1089 3126 11

693 3279 730 3352 ll.
760 3305 887 3352 lllllsffl
903 3307 940 3350 n
959 3305 1106 3352 annotatt]
1125 3307 1161 3350 ΒΕ
1181 3283 1444 3350 insuanturronsl.

338 3458 407 3529 Hoc
421 3455 508 3528 idem
523 3455 622 3553 igitur
632 3457 801 3529 confirmat
816 3453 1034 3553 Evangelista,
1047 3454 1178 3527 dicens:
1197 3455 1261 3525 «Et
1274 3453 1415 3526 Verbum
1431 3480 1504 3524 caro
1520 3454 1639 3525 lactum
1654 3466 1701 3525 est
1716 3467 1748 3525 et
1762 3453 1859 3525 babi-

288 3577 433 3650 atavitin
452 3576 602 3648 nobis⁵.a
617 3579 686 3650 Hoc
702 3593 811 3648 autem
829 3589 943 3648 notum
961 3589 1008 3648 cst
1025 3602 1062 3646 ex
1074 3602 1112 3646 eo
1124 3574 1213 3674 quod
1226 3574 1362 3671 angelus
1376 3573 1525 3647 salutavit
1536 3573 1715 3670 Virginem,
1727 3574 1855 3647 dicem:

289 3700 392 3782 allus,
404 3698 646 3798 gratia⁶plcna,
658 3699 814 3771 Dominus
824 3703 960 3770 tecum⁷.
972 3697 1075 3768 »Nam
1088 3695 1140 3768 bic
1152 3695 1301 3767 audimus
1311 3694 1493 3768 Gabrielem
1505 3693 1662 3767 dicentem
1675 3725 1690 3759 a
1701 3695 1857 3766 Dominus

289 3824 464 3891 «tecumtn
485 3846 542 3918 pro
561 3819 623 3891 hoe
645 3819 756 3890 «Deus
778 3817 919 3890 Verbum
945 3830 1088 3890 tecum».
1112 3816 1238 3889 lndicat
1255 3817 1341 3916 enirn
1361 3816 1494 3914 angelus
1515 3843 1589 3888 oum
1609 3815 1856 3914 concipiendum

288 3968 356 4013 esse
373 3940 408 4011 in
426 3952 518 4012 utero
535 3952 633 4039 atque
647 3939 883 4011 incarnandum
903 3939 987 4022 lore,
998 3937 1177 4010 secundum
1191 3937 1280 4037 quod
1295 3937 1447 4038 scriptum
1460 3949 1507 4009 est
1519 3967 1527 4008 :
1540 3935 1705 4036 «Spiritus
1720 3935 1858 4008 Sanctus

287 4061 517 4160 «superveniet
530 4061 563 4131 in
585 4073 615 4131 te
634 4072 665 4132 et
680 4059 779 4131 virtus
794 4059 949 4132 Altissimi
964 4058 1173 4131 obumbrabit
1192 4058 1260 4129 tibi.
1276 4058 1418 4158 ldeoque
1435 4072 1468 4130 et
1482 4059 1571 4160 quod
1585 4070 1733 4129 nuscetur
1754 4083 1790 4129 ex
1808 4063 1857 4128 teo

290 4195 476 4264 «sanctum,
492 4181 659 4254 vocabitur
673 4181 774 4254 Filius
790 4181 918 4254 llei¹⁰.n

409 4414 446 4485 B.
475 4440 602 4485 musonii
621 4439 817 4485 enumcrare
835 4441 872 4485 utt
891 4439 1143 4496 RESURRECTIONE,
1162 4439 1248 4484 cutus
1264 4438 1381 4483 llll'llllbl
1396 4437 1446 4482 nst·
1466 4441 1473 4482 Ξ
1494 4435 1589 4482 «POST
1608 4435 1696 4480 Plffl
1706 4440 1734 4478 n.

342 4591 441 4660 Porro
457 4603 570 4661 vocant
587 4587 759 4660 aedilicium
782 4589 870 4691 quod
897 4589 1025 4688 respicit
1042 4588 1207 4660 bominem
1229 4601 1394 4660 terrenum
1413 4587 1453 4658 de
1477 4599 1560 4658 terra
1585 4599 1704 4656 ertum.
1725 4585 1855 4656 Etiamsi

289 4711 387 4807 igitur
409 4709 537 4781 recedat
559 4709 666 4781 anima
692 4737 881 4809 acorpore,
905 4724 1048 4809 ternpore
1066 4707 1277 4809 separationis
1300 4721 1331 4780 et
1350 4707 1586 4789 dissolutionis,
1612 4734 1724 4778 sumus
1750 4719 1856 4778 tamen

327 4945 333 4973 ¹
354 4940 412 4994 Lao
428 4958 451 5006 1,
465 4943 509 4995 35.
524 4939 582 4994 Ηοο
598 4939 714 4994 videntur
725 4939 839 5014 ponenda
858 4947 914 5014 post
930 4957 959 4995 ea
979 4959 1035 5014 que
1111 4947 1251 5014 excerptum
1264 4959 1294 4996 er
1308 4940 1423 4996 Tractatio
1439 4939 1468 4994 de
1481 4939 1670 5000 naumann,
1684 4935 1807 5010 reperitur
1818 4937 1858 4992 in-

288 5053 367 5107 groece
382 5041 478 5089 exstant
496 5034 521 5088 in
542 5032 633 5088 Patrai.
650 5031 693 5088 Gr.
708 5033 798 5096 XVIII,
814 5033 881 5097 bis,
896 5034 943 5088 eol.
959 5051 985 5106 9.
998 5065 1035 5074 *
1111 5041 1149 5088 ter
1167 5032 1304 5108 fragmenta
1327 5032 1454 5088 Tractatio
1470 5032 1500 5086 da
1515 5029 1609 5084 Deitata
1629 5030 1856 5100 graecessando.

288 5129 298 5162 ¹
314 5126 366 5182 Gn.
387 5126 477 5182 Patrol.
497 5127 540 5182 Gr.
562 5126 596 5192 x,
614 5126 661 5180 col.
677 5129 745 5190 bra,
760 5145 775 5180 a
789 5125 854 5180 lineo
870 5145 886 5198 9
902 5126 933 5180 ad
949 5125 1033 5182 tinem.
1111 5127 1154 5182 Clr
1169 5125 1258 5180 Patrai.
1275 5125 1317 5180 Gr.
1331 5125 1422 5188 llVlll,
1436 5126 1503 5195 509,
1516 5123 1560 5176 lin.
1577 5141 1591 5178 ο
1606 5141 1620 5176 a
1633 5121 1691 5176 line.
1701 5154 1740 5163 -
1750 5125 1759 5154 ⁵
1771 5120 1856 5176 lanan.

288 5253 326 5261 -
339 5223 349 5254 ⁸
364 5221 384 5276 B
401 5221 520 5276 ancilium
537 5219 590 5276 low
604 5220 747 5294 operationis
759 5219 866 5275 exbibet.
882 5221 941 5260 -l
958 5219 1034 5294 lli-ag·
1111 5240 1134 5284 r,
1152 5221 1241 5272 ab.·-
1254 5223 1264 5251 ⁰
1277 5220 1296 5273 Β
1308 5219 1406 5294 gratiis.
1420 5249 1457 5258 *
1471 5220 1480 5250 ⁷
1494 5215 1553 5270 Lac.
1571 5233 1592 5280 r,
1611 5217 1653 5270 28.
1668 5247 1706 5256 -
1718 5217 1727 5246 ⁸
1741 5216 1760 5270 A
1775 5216 1857 5268 omitt.

290 5321 403 5368 ruentum
424 5312 503 5376 istud,
515 5313 596 5386 quod,
612 5313 638 5368 in
654 5313 807 5370 collectaneis
820 5314 930 5386 syriacis,
944 5315 1035 5368 dicitnr
1109 5312 1226 5366 Dominae
1242 5322 1325 5365 οοοπο.
1337 5343 1373 5350 —-
1387 5310 1429 5364 ’Β
1444 5309 1523 5366 omitt.
1536 5328 1568 5363 ea
1580 5319 1609 5364 te.
1622 5340 1657 5348 -
1669 5310 1686 5341 ¹⁰
1700 5306 1758 5363 boc.
1775 5327 1797 5370 r,
1811 5309 1855 5362 35.
