3990 6092
281 547 348 614 308
640 545 813 613 raanan
842 543 1235 612 lN'lllNlCAENOllUlll
1265 543 1498 612 lNllAECTl.

283 695 371 766 «mei
385 695 514 792 myrrha
528 695 639 794 repleti
658 709 733 766 sunt
745 700 792 775 ¹,s
812 694 845 765 id
862 708 924 778 est,
937 723 972 765 ea
989 721 1053 794 quo
1068 695 1216 766 virtutem
1232 696 1463 766 resurrectione
1482 695 1603 793 accepi,
1618 694 1763 767 membra
1780 721 1857 767 risen

283 830 408 887 terrena
433 815 619 916 occidendo.
652 815 781 914 llyrrba
811 816 898 887 eninr
927 829 1067 886 mentem
1098 813 1272 912 significum
1301 841 1417 886 manus
1447 816 1650 914 operationes
1680 830 1859 915 motusque

281 937 413 1019 animae;
433 936 523 1034 digiti
543 948 660 1008 autern.
676 937 865 1034 ejectionem
888 937 1075 1035 passionum
1098 937 1257 1006 malarum
1273 963 1355 1035 quas
1370 936 1522 1023 oceidis23
1543 963 1602 1036 per
1625 964 1757 1008 manum
1776 938 1856 1009 fidei

281 1085 379 1158 opera
397 1057 630 1156 significantur,
650 1084 708 1156 per
724 1056 890 1156 pessulum
907 1083 980 1128 vero
995 1057 1075 1128 sides
1091 1084 1163 1156 ques
1179 1056 1323 1155 aperuit,
1336 1057 1492 1155 cujusque
1508 1083 1604 1157 opera
1624 1057 1666 1130 ad
1684 1058 1854 1129 introitum

280 1193 411 1252 tenuem
428 1193 459 1250 et
475 1191 597 1250 arctum
617 1177 746 1249 admota
764 1191 849 1248 sunt.
1429 1175 1431 1179 ⁴

335 1299 367 1370 6.
397 1298 461 1369 salt
475 1297 530 1370 ille
542 1297 817 1398 declinavitotque
834 1297 996 1369 transiit.»
1013 1298 1097 1369 Dum
1117 1307 1261 1396 putarem
1279 1322 1451 1395 personam
1469 1297 1539 1394 ejus
1555 1297 1636 1368 mihi
1648 1297 1854 1398 apparuisse,

281 1420 425 1500 transiit,
448 1419 606 1518 illumque
624 1417 867 1517 apprehendere
893 1445 959 1488 non
977 1417 1078 1516 potui.
1105 1417 1183 1488 lnde
1207 1442 1271 1488 non
1290 1417 1437 1515 sequitur
1458 1416 1572 1488 abillo
1597 1417 1755 1500 animam,
1780 1447 1856 1519 quae

281 1541 374 1611 illam
398 1539 639 1638 insequebatur,
659 1539 801 1610 relictam
827 1539 940 1621 luisse;
963 1538 1042 1637 quin
1071 1537 1135 1608 imo
1153 1536 1243 1608 illem
1264 1537 1305 1608 ad
1329 1565 1363 1609 sc
1383 1537 1484 1634 nmgis
1504 1537 1694 1611 attrahebat.
1713 1541 1856 1611 «Anima

282 1693 298 1726 s
309 1687 379 1732 mea
395 1659 567 1760 liquefacta
586 1673 648 1740 est,
670 1673 704 1730 ut
721 1659 846 1731 locutus
862 1663 965 1741 est³,n
985 1659 1020 1728 id
1038 1671 1105 1740 est,
1121 1685 1156 1728 es
1175 1685 1239 1756 quo
1259 1658 1371 1728 transii
1387 1659 1479 1729 abiis
1494 1685 1566 1758 quse
1581 1659 1781 1731 videaturad
1798 1661 1856 1732 illa

282 1809 354 1880 quae
375 1795 449 1853 sunt
469 1809 565 1880 supra
591 1795 739 1852 naturam
763 1808 885 1864 meam,
914 1779 1021 1851 inveni
1040 1805 1114 1850 eum
1140 1805 1238 1878 quern
1264 1778 1375 1876 diligo.
1403 1779 1568 1861 «Quaesivi
1594 1793 1625 1851 et
1653 1807 1718 1852 non
1745 1783 1860 1853 inveni

283 1901 443 1984 sillanus
462 1902 572 1986 idest,
600 1902 677 2000 quin
696 1901 826 2002 quaesiui
845 1901 936 1972 illum
958 1928 1031 1971 curn
1052 1899 1301 1996 cogitationibus
1318 1899 1358 1970 iis
1376 1899 1494 1999 quibus
1512 1899 1604 1970 illum
1622 1927 1720 2000 quem
1741 1904 1860 2000 quaerit

282 2023 390 2094 aniana
404 2023 484 2094 solet
497 2023 653 2122 reperire;
670 2022 726 2093 sod
744 2035 906 2121 repertum
924 2035 972 2092 est
990 2020 1083 2091 illum
1099 2047 1164 2092 non
1181 2045 1248 2090 esse
1257 2021 1347 2117 juxta
1368 2020 1440 2092 illos
1458 2021 1511 2119 qui
1531 2035 1679 2120 quarunt
1697 2021 1800 2094 illum.

336 2173 368 2242 7.
399 2145 620 2216 slavonernnt
636 2170 687 2214 me
699 2142 847 2214 custodes
866 2142 922 2242 qui
941 2141 1140 2213 circumeunt
1157 2141 1330 2224 civitatem3
1345 2155 1572 2239 percusserunt
1589 2169 1641 2214 me
1660 2156 1690 2214 et
1704 2142 1861 2215 vulnera-

282 2279 421 2336 sverant
442 2293 512 2348 me,
540 2279 636 2362 atque
654 2263 879 2334 abstuleruntl
905 2290 922 2333 a
947 2289 998 2333 me
1020 2260 1155 2360 pallium
1180 2261 1327 2333 custodes
1351 2288 1562 2343 murorum.»
1582 2262 1701 2334 scilicet
1717 2262 1859 2361 pallium

282 2386 390 2456 valnas
408 2399 505 2482 caput
523 2397 554 2455 et
572 2383 684 2454 laciem
704 2383 783 2480 ejus.
801 2383 918 2454 Ciuitas
937 2396 984 2453 est
1002 2383 1124 2465 animm
1144 2381 1291 2453 custodes
1306 2381 1360 2480 qui
1377 2381 1466 2452 illam
1484 2382 1684 2454 circumeunt
1702 2398 1779 2454 sunt
1793 2411 1860 2456 an-

281 2505 361 2600 geli,
381 2505 453 2604 qui,
474 2532 544 2574 eam
562 2504 776 2603 percutientes
797 2516 828 2572 et
845 2502 1067 2584 vulnerantes,
1087 2501 1290 2572 abstulerunt
1305 2502 1346 2573 ab
1364 2529 1401 2573 ea
1421 2502 1572 2600 pallium,
1591 2529 1709 2604 nempe
1727 2502 1861 2574 mades-

285 2627 359 2697 tiam
377 2653 442 2724 qua
460 2624 606 2696 sorvabat
627 2623 800 2723 puritatem
820 2623 904 2720 ejus,
924 2621 967 2692 ita
991 2635 1026 2693 ut
1047 2621 1213 2720 deinceps,
1235 2620 1356 2722 absque
1381 2623 1561 2705 obstaculo,
1579 2623 1859 2722 pulchritudinem

282 2745 392 2845 sponsi
408 2757 513 2843 posset
525 2743 676 2843 aspicere.

337 2897 369 2966 p.
399 2863 537 2948 «Qualis
553 2879 600 2936 cst
616 2865 752 2937 dilectus
769 2878 844 2936 tuus
860 2891 895 2936 ex
915 2863 1053 2948 dilectis,
1067 2891 1085 2934 o
1097 2863 1314 2963 pulcherrima
1329 2864 1528 2937 mulierum?
1546 2879 1632 2938 etc.»
1646 2865 1789 2950 Scilicet,
1805 2867 1860 2939 dic

284 2986 376 3058 nobis
394 2984 498 3084 qualis
517 2985 557 3057 sit
575 2999 690 3058 natura
705 2987 775 3084 ejus
790 2998 823 3058 et
838 2985 878 3056 da
894 2984 986 3057 nobis
1002 2986 1129 3082 signum
1150 3012 1215 3084 quo
1235 2985 1421 3058 manifestus
1437 2984 1565 3070 evadat,
1583 3001 1620 3059 ut
1639 3013 1807 3060 noscamus
1825 3005 1858 3060 et

284 3134 341 3179 nos
360 3107 479 3178 auroris
496 3107 644 3203 sagittam
659 3107 694 3178 in
713 3108 808 3179 corde
825 3120 879 3178 tuo
891 3108 960 3205 jam
979 3106 1125 3178 defixam.

341 3255 396 3300 so.
424 3228 593 3300 sllilectus
610 3255 702 3300 meus
717 3229 874 3300 candidus
890 3243 922 3299 et
939 3229 1176 3300 rubicundus„
1192 3227 1267 3300 llaec
1285 3242 1384 3312 certe,
1401 3255 1466 3300 aon
1485 3229 1526 3300 de
1541 3229 1722 3312 divinitate,
1741 3229 1797 3302 sed
1816 3231 1860 3302 de

284 3351 342 3424 [lei
358 3349 561 3422 humanitate
574 3349 736 3422 dicuntur.
757 3348 881 3445 Rubigo
898 3350 1108 3445 sanguinem,
1127 3349 1242 3421 albedo
1259 3375 1374 3448 corpus
1393 3349 1547 3421 indicant.
1564 3351 1715 3422 «Electus
1732 3379 1767 3422 ex
1780 3352 1859 3423 mil-

284 3471 436 3548 stibus.»
455 3470 490 3541 id
512 3484 575 3552 est,
592 3483 708 3542 natura
729 3469 946 3566 generationis
966 3470 1035 3566 ojus
1051 3482 1198 3540 extranea
1221 3483 1269 3538 est
1287 3471 1489 3564 generationi
1506 3470 1651 3542 omnium
1668 3472 1857 3554 bominum,

284 3592 419 3690 ejusque
436 3601 548 3688 partus
565 3589 678 3661 unicus
696 3601 759 3669 est,
776 3614 877 3686 quum
895 3587 1017 3685 absque
1035 3613 1129 3684 prena
1148 3599 1178 3658 et
1196 3587 1306 3659 dolore
1321 3587 1426 3660 locum
1442 3589 1602 3662 babuerit.

341 3739 397 3781 11.
426 3709 557 3809 «Caput
574 3712 644 3807 ejus
657 3734 774 3779 aarum
792 3707 1009 3806 optimum⁵.a
1025 3707 1130 3806 Caput
1145 3708 1289 3807 corporis
1307 3709 1454 3781 Ecclesiae
1472 3723 1518 3782 est
1534 3710 1689 3783 Christus.
1701 3711 1858 3811 Superior

286 3833 438 3902 animost
458 3829 590 3901 cuilibet
613 3842 784 3910 creaturae,
806 3841 838 3900 et
861 3827 938 3927 quia
962 3841 1130 3927 peccatum
1149 3855 1213 3900 non
1239 3828 1330 3914 lecit,
1357 3844 1487 3902 vocatus
1509 3844 1557 3902 est
1584 3859 1699 3902 aarum
1723 3859 1856 3932 purum.

286 3951 419 4024 sComae
434 3950 503 4047 ejus
516 3961 667 4032 extense,
684 3947 784 4044 nigrae
800 3948 888 4047 quasi
904 3948 1023 4032 corvi⁶‚
1039 3948 1180 4032 cincinni
1197 3951 1267 4048 ejus
1279 3949 1361 4022 sicut
1376 3950 1504 4022 elates
1519 3951 1561 4022 Hi
1578 3951 1762 4048 significant
1780 3980 1857 4052 apo-

286 4071 383 4144 stolos
401 4083 543 4153 sanctos,
558 4069 630 4168 qui,
647 4093 749 4168 quum
765 4082 858 4140 antea
874 4068 1038 4167 publicani
1058 4082 1087 4140 et
1103 4085 1322 4169 persecutores
1334 4069 1482 4144 Ecclesia
1499 4071 1649 4156 luissent,
1667 4073 1750 4170 nigri
1766 4088 1858 4145 erant

287 4206 317 4263 et
332 4190 452 4262 similes
471 4190 571 4288 nigris
588 4189 689 4261 eorvis
707 4216 836 4261 caraem
854 4189 1091 4262 devorantibus.

344 4339 399 4382 sa.
428 4309 546 4384 «Oculi
565 4311 635 4407 ejus
656 4309 738 4382 sicut
754 4309 929 4394 columbae,
949 4338 1020 4410 quse
1039 4311 1119 4383 lacto
1139 4327 1214 4385 sunt
1236 4313 1310 4386 lotae
1335 4327 1366 4385 et
1383 4313 1525 4385 resident
1537 4315 1626 4413 juxta
1645 4313 1766 4386 lluenta
1789 4313 1859 4412 ple-

287 4431 444 4503 snissima
454 4435 478 4500 ⁷.
490 4461 505 4496 s
518 4429 612 4502 Oculi
623 4427 708 4530 (39)
719 4442 794 4502 sunt
809 4430 931 4530 quique
948 4431 1110 4531 principes
1125 4434 1280 4518 existunt,
1293 4433 1386 4505 electi
1399 4461 1417 4504 a
1431 4434 1581 4520 veritate,
1595 4434 1812 4536 speculatores
1826 4449 1859 4507 et

325 4654 332 4685 ¹
351 4650 437 4704 Versio
444 4651 547 4725 simplex
555 4651 654 4706 stillam.
666 4683 704 4694 -
716 4655 726 4686 ¹
740 4653 802 4716 Quae
812 4653 1033 4726 sequunturpaalo
1109 4655 1167 4694 -⁴
1187 4654 1272 4708 Versio
1288 4655 1392 4729 simplex
1414 4669 1561 4729 nccepmm.
1575 4660 1634 4698 -‘
1652 4657 1736 4712 Versio
1754 4658 1859 4732 simplex

286 4743 357 4797 aliter
368 4761 394 4797 se
407 4743 500 4797 babent
513 4744 539 4797 in
550 4743 663 4799 codiceB
678 4765 685 4797 z
701 4745 768 4798 «Per
779 4763 869 4800 manus
879 4745 1032 4819 pessulanum
1109 4758 1136 4799 at
1155 4757 1225 4817 petro
1245 4748 1308 4800 ouri.
1328 4749 1362 4802 Es
1381 4748 1428 4803 boc
1443 4749 1497 4803 loco
1515 4749 1672 4804 manifestum
1692 4731 1859 4805 evodit'com-

289 4836 390 4910 superui
409 4835 499 4892 dilecto
521 4855 586 4892 meo.
604 4837 692 4892 Manus
710 4837 778 4891 enim
797 4857 871 4912 opera
891 4840 945 4910 ejas
964 4839 1033 4892 indi·
1109 4841 1858 4918 mentatoremprmocolisbabuissenrx‚abislpul,qaodin

286 4937 368 4984 scant
387 4929 486 4986 Passala
498 4938 557 4985 sunt
571 4929 634 4984 lidos
650 4949 706 5004 qua
719 4931 824 5003 aperuit.
839 4931 954 4986 Ostendit
966 4931 1033 4984 enim
1108 4933 1280 4987 commentarii
1287 4935 1398 4989 versione
1409 4935 1499 5006 syriaca
1508 4935 1626 5010 legimus,
1635 4943 1859 4992 servstumsst—

286 5042 378 5097 κομι-,ε
392 5026 450 5096 ejas
466 5023 563 5078 udnsota
582 5022 657 5078 luisse
672 5022 705 5078 sd
721 5022 851 5078 introitum
873 5022 989 5078 subtilem
1009 5031 1035 5078 et
1108 5028 1119 5057 ⁶
1137 5025 1198 5080 cod.
1217 5026 1237 5081 B
1252 5027 1323 5099 ponit
1337 5026 1365 5080 in
1377 5028 1490 5101 margins
1506 5026 1614 5082 Gisrinss‘
1631 5029 1683 5100 ejas
1701 5031 1763 5082 sicat
1779 5029 1858 5084 abta.

286 5124 462 5190 «augustumve
480 5117 523 5176 Cir
537 5115 671 5190 Masinger.
691 5115 844 5171 Monamsoto
864 5118 972 5188 syrisrm
995 5117 1039 5177 11..
1110 5137 1151 5172 aas
1171 5121 1262 5172 ἐλάται.
1280 5123 1342 5161 -7
1361 5120 1445 5174 Vemio
1461 5121 1564 5195 simplex
1582 5123 1644 5175 strat
1658 5123 1751 5193 (oculi)
1770 5122 1859 5176 oolam

284 5227 309 5281 p.
322 5211 366 5264 23.
379 5213 438 5264 -.-⁸
457 5211 517 5266 Cod.
534 5212 554 5265 ll
571 5213 597 5266 s'a
610 5211 679 5266 serbo
698 5209 757 5282 ojus.
773 5212 792 5266 l
807 5211 833 5264 s's
847 5229 951 5266 sormam
967 5209 1033 5279 arjos,
1109 5211 1195 5265 bosam
1212 5231 1285 5284 super
1293 5212 1391 5285 flamm
1407 5231 1536 5286 apum
1552 5214 1599 5286 llic
1610 5215 1685 5269 etiam
1696 5215 1775 5288 liquet
1789 5217 1858 5268 coni-

286 5307 314 5352 ut
326 5302 404 5356 versio
416 5302 556 5376 simplexnt
570 5323 627 5368 aas.
642 5304 686 5380 qui
698 5303 809 5360 babent:
825 5305 853 5358 ἐν
867 5303 936 5371 λόγω
950 5305 1033 5356 αὐτοῦ.
1110 5311 1272 5360 assentatorem
1286 5323 1339 5378 pra
1351 5305 1427 5358 otialis
1441 5305 1556 5360 babuisse
1572 5315 1663 5361 testam
1678 5323 1795 5379 garum.
