4006 6098
220 602 287 668 tot
567 599 739 666 Pxxtxt'tt
770 597 1172 665 ,tntuutcmttottutt
1203 598 1440 666 lllleECTl.

216 776 349 834 manum
369 749 494 849 peperit
513 749 696 820 Creatorem
714 748 879 820 hominem
899 747 1033 830 lactum3
1057 749 1183 846 peperit
1202 749 1235 818 in
1257 745 1428 845 spelunca,
1444 761 1477 818 et
1494 761 1588 818 uatus
1607 747 1640 818 in
1656 747 1788 818 Perside

218 871 378 970 apparuit.
397 871 504 942 «Cum
527 895 603 966 ergo
628 884 814 942 nasceretur
830 870 922 942 lesus
945 869 977 940 in
998 867 1186 942 Bethlehem
1204 868 1311 949 ludar,
1331 868 1363 940 in
1388 867 1504 940 dicbus
1527 867 1666 940 Herodis
1684 868 1787 964 regis,

218 1019 315 1064 eecce
338 991 425 1088 Magi
445 991 485 1062 ab
511 991 635 1062 oriente
658 1003 831 1073 venerunt,
854 991 996 1062 dicentes
1023 1022 1030 1061 :
1058 990 1118 1064 Ubi
1141 1004 1188 1062 est
1207 991 1263 1089 qui
1282 1003 1376 1061 natus
1399 1002 1446 1061 est
1464 1017 1518 1061 rex
1536 989 1788 1062 ludaeorum¹ln

218 1113 279 1186 Ubi
297 1124 344 1184 est
366 1113 423 1211 qui
440 1113 528 1184 misit
551 1113 633 1184 vices
652 1113 753 1210 ipsius
768 1126 932 1210 gerentem
949 1111 1095 1184 stellam?
1113 1111 1175 1184 Ubi
1191 1125 1238 1214 est
1257 1111 1315 1212 qui
1330 1110 1420 1182 miris
1435 1109 1533 1182 radiis
1554 1137 1613 1183 nos
1637 1111 1730 1184 traxit
1746 1109 1789 1184 ad

217 1235 323 1306 lucem
344 1232 568 1332 spiritualem?
591 1232 654 1305 Ubi
677 1234 803 1332 estqui
826 1232 953 1305 inlinita
976 1259 1075 1304 manu
1103 1259 1161 1304 sua
1186 1231 1346 1304 mundum
1370 1231 1533 1304 fundavit?
1558 1232 1619 1304 Ubi
1644 1246 1693 1304 est
1714 1231 1787 1332 qui,

218 1355 341 1454 ubique
359 1382 432 1426 cunr
449 1355 505 1436 sit,
525 1354 559 1424 in
576 1379 710 1452 corpore
724 1351 922 1426 occultatur?
939 1351 1001 1424 Ubi
1018 1366 1066 1425 est
1084 1353 1140 1452 qui
1158 1381 1216 1426 nos
1234 1381 1251 1422 a
1267 1352 1437 1424 fraudibus
1449 1353 1527 1424 mali
1544 1352 1711 1426 liberavit?
1726 1352 1789 1426 Ubi

219 1477 339 1575 estqui
359 1502 417 1546 nos
433 1474 548 1546 direxit
564 1473 604 1544 ad
623 1475 760 1571 gratiam
775 1473 968 1571 cognitionis
986 1473 1066 1546 Deil
1085 1473 1146 1546 Ubi
1162 1474 1281 1572 estqui
1298 1501 1331 1544 se
1349 1473 1564 1545 manifestavit
1579 1474 1668 1570 juxta
1688 1499 1790 1575 quer-

219 1623 291 1668 cum
315 1595 418 1667 tribus
442 1592 584 1692 angelis?
603 1595 665 1667 Ubi
687 1610 735 1667 est
758 1595 814 1694 qui
833 1595 952 1666 rubum
972 1621 1036 1667 non
1057 1595 1231 1667 combussit
1258 1609 1290 1666 et
1312 1608 1439 1666 uterum
1464 1621 1529 1666 non
1547 1594 1709 1693 corrupit?
1727 1594 1791 1668 bbi

219 1731 268 1789 est
289 1717 346 1816 qui
372 1746 389 1788 a
412 1716 505 1788 Patre
528 1715 732 1788 indivisibilis
751 1730 798 1788 est
823 1730 854 1788 et
875 1717 933 1818 qui
953 1731 1000 1788 est
1021 1717 1055 1787 in
1080 1731 1182 1788 matre
1204 1714 1457 1814 inexplicabilis?
1472 1715 1534 1788 Ubi
1556 1729 1605 1788 est
1624 1716 1681 1815 qui
1699 1742 1790 1787 mare

220 1837 367 1910 Rubrum
390 1836 496 1908 divisit
519 1852 551 1910 et
574 1851 681 1910 tamen
699 1837 786 1916 idem
804 1837 874 1936 ipse
892 1837 941 1908 lac
959 1837 1045 1934 sugit
1067 1852 1099 1910 et
1126 1838 1160 1908 in
1185 1851 1270 1908 terra
1297 1836 1414 1908 alitur?
1439 1836 1499 1909 Ubi
1529 1851 1577 1910 est
1601 1837 1659 1935 qui
1676 1834 1790 1937 (159)

220 1959 393 2030 draconem
417 1958 527 2056 lig'avit
549 1971 581 2030 et
603 1984 690 2030 nunc
710 1958 816 2032 [asciis
833 1956 1033 2030 obvolvitur?
1053 1958 1114 2030 Ubi
1137 1972 1184 2030 est
1208 1985 1305 2059 quern
1330 1985 1397 2030 non
1416 1957 1524 2030 vident
1540 1957 1672 2055 Angeli,
1692 1985 1789 2058 quem

219 2080 366 2152 homines
389 2078 500 2152 vident
518 2093 550 2151 ct
572 2079 624 2151 cui
645 2078 860 2162 benedicunt,
885 2107 1010 2152 summe
1034 2078 1275 2152 benedicendus
1294 2079 1380 2150 Deus
1403 2079 1455 2150 cui
1474 2077 1576 2176 gloria
1596 2079 1630 2150 in
1651 2077 1790 2150 secula?

219 2201 333 2272 limen.¹

976 2436 1042 2506 Vll
1115 2437 1119 2446 '

790 2607 1067 2668 Pnnuuxututts
1088 2607 1224 2667 sstttttv

459 2751 493 2804 ΙΝ
511 2749 675 2804 sauurntt
692 2749 752 2802 bnt
767 2749 988 2804 GElll'llthEll
1004 2749 1048 2802 ΕΤ
1065 2747 1202 2802 ΒΕΜΡΕΗ
1217 2749 1393 2802 vtuutsutt
1411 2746 1557 2802 tttttttttt.

201 3007 202 3010 Ἴ
273 2916 297 2988 l.
328 2917 423 3000 Quod
441 2916 482 2987 ab
500 2916 687 2988 bominibus
701 2943 760 2988 nec
776 2915 891 3014 inspici
911 2943 970 2990 nec
985 2916 1130 2990 enarrari
1148 2930 1269 3016 potest,
1285 2915 1443 2998 Verbum;
1462 2914 1552 3014 quod
1567 2914 1792 2987 absconditum

223 3051 271 3110 est
288 3036 435 3108 usaculo
453 3036 715 3135 generationibus
732 3036 773 3108 ab
794 3037 863 3134 ipso
882 3037 1105 3122 existentibus;
1124 3037 1213 3136 quod
1228 3035 1333 3108 solum
1347 3050 1395 3108 est
1409 3035 1606 3120 immortale,
1625 3035 1793 3135 possidens

224 3158 390 3232 scientiam
423 3159 507 3238 vitra,
537 3158 648 3256 ignota
672 3157 714 3228 ad
743 3157 849 3230 lucem
874 3158 1057 3256 proferens,
1086 3172 1205 3230 secreta
1232 3157 1392 3240 revelans,
1421 3158 1455 3231 in
1482 3171 1599 3230 terram
1624 3156 1795 3256 delapsum

224 3279 362 3352 vidimus
387 3294 422 3352 ut
446 3293 557 3378 partus
583 3278 824 3350 maledictiones
855 3279 888 3349 in
911 3278 1170 3352 benedictionem
1198 3292 1444 3363 transmutaret,
1463 3292 1599 3352 mortem
1618 3277 1794 3364 occideret,

224 3414 451 3498 creaturaeque
472 3399 681 3472 illuminaret.
701 3401 725 3470 A
744 3398 847 3470 blaria
871 3398 999 3471 initium
1020 3399 1115 3498 coepit
1138 3399 1370 3472 incarnationis
1387 3399 1591 3497 mysterium,
1614 3413 1712 3499 atque
1736 3399 1795 3500 qui

224 3520 349 3590 infinita
368 3518 554 3592 adoratione
568 3519 687 3617 dignus
705 3533 774 3591 erat
792 3533 920 3590 vocatus
938 3533 986 3592 est
999 3519 1096 3591 bomo
1115 3520 1185 3592 Dei.

275 3715 314 3784 ll.
344 3712 371 3786 0
391 3714 598 3786 inscrutabile
617 3713 818 3812 prodigium!
835 3712 862 3786 0
881 3715 1069 3814 mysterium
1088 3713 1233 3784 divinum
1253 3713 1357 3786 solum
1376 3712 1614 3815 inexplicabile!
1636 3714 1695 3787 D'ei
1714 3714 1795 3786 Ver-

224 3837 317 3917 bum,
338 3837 396 3907 Dei
415 3850 519 3920 actus,
537 3835 695 3908 Dominus
712 3827 783 3907 coeli
802 3849 833 3906 et
856 3849 964 3920 terrae,
987 3835 1259 3906 consubstantiale
1282 3848 1312 3907 et
1337 3861 1513 3934 cooperans
1530 3835 1633 3908 Patris
1649 3837 1683 3907 in
1704 3863 1795 3908 crea-

224 3957 327 4040 tione,
349 3955 448 4028 Filius
466 3970 605 4027 aeternus
626 3955 659 4026 in
678 3969 843 4027 terrenum
866 3955 1032 4028 descendit
1050 3971 1195 4039 uterum,
1217 3957 1251 4027 in
1270 3983 1351 4057 quo,
1372 3955 1528 4056 plasmato
1547 3983 1681 4056 corpore
1698 3955 1795 4029 modo

225 4077 474 4175 inintelligibili,
491 4077 592 4148 lactus
618 4091 667 4148 est
685 4076 845 4176 perlectus
870 4077 983 4162 bomo,
998 4091 1093 4149 natus
1112 4093 1160 4150 est
1177 4077 1218 4150 de
1237 4077 1390 4160 muliere,
1407 4104 1578 4150 remanens
1601 4076 1689 4178 quod
1711 4091 1795 4156 erat,

226 4197 325 4272 Filius
344 4199 403 4272 Dei
413 4199 496 4270 sieut
509 4213 556 4270 est
575 4199 661 4269 Deus
676 4199 710 4268 in
727 4197 854 4269 saecula.
868 4198 903 4269 ln
920 4213 1078 4298 tempore,
1094 4199 1172 4283 sibi,
1192 4201 1315 4301 absque
1328 4214 1475 4299 peccato,
1494 4198 1621 4271 dolores
1636 4199 1796 4298 corporis,

224 4321 360 4404 lumem,
372 4319 723 4402 sitim,lassitudinem‚
737 4318 881 4402 dolores,
890 4319 1034 4392 humana
1046 4321 1154 4392 omnia
1165 4321 1352 4420 assumpsit,
1366 4321 1462 4394 etiam
1472 4333 1668 4405 mortem,et
1680 4319 1798 4392 nihilo-

225 4441 333 4511 minus
354 4467 481 4540 semper
499 4440 573 4512 vivit
594 4454 626 4512 et
648 4438 802 4540 perdurat
821 4467 894 4512 cum
907 4439 1018 4524 Patre,
1038 4469 1103 4512 suae
1121 4441 1296 4514 divinitatis
1313 4440 1423 4514 fruens
1436 4441 1571 4512 honore.
1588 4439 1675 4512 Nihil
1690 4439 1798 4512 humi·

226 4561 336 4633 liando
362 4588 411 4645 se,
431 4561 480 4632 vel
495 4561 636 4632 hominis
657 4588 748 4634 more
766 4561 967 4659 subjiciendo
988 4589 1021 4634 se
1042 4563 1154 4645 morti,
1168 4561 1359 4634 imminutus
1379 4578 1442 4648 est,
1459 4561 1539 4664 quin
1558 4562 1622 4634 imo
1644 4561 1799 4633 exaltatus

227 4697 289 4767 est,
310 4683 465 4783 quoniam
489 4681 603 4762 exinde
620 4683 680 4753 sub
702 4681 840 4783 pedibus
856 4683 944 4754 illius
961 4683 1058 4784 positi
1077 4696 1152 4754 sunt
1176 4683 1299 4755 inimici
1318 4685 1428 4782 ejus2:
1449 4684 1594 4784 «Atque,
1608 4684 1643 4754 in
1667 4682 1799 4755 nornine

229 4805 345 4891 «lesu,
365 4831 461 4878 omne
485 4831 571 4904 genu
596 4804 743 4876 flectatur
767 4805 960 4888 coelestium,
987 4805 1185 4876 terrestrium
1209 4817 1241 4876 et
1264 4805 1483 4890 infernorum,
1502 4818 1534 4878 et
1559 4803 1664 4877 omnis
1685 4802 1799 4902 lingua

229 4929 444 4999 «confiteatur
460 4925 548 5027 quod
569 4926 725 4998 Dominus
743 4941 789 4998 est
805 4925 897 4999 lesus
916 4925 1062 4998 Christus
1080 4925 1114 4997 in
1130 4925 1233 5023 gloria
1248 4925 1308 4997 Dei
1329 4925 1488 4998 Patris³.s

281 5123 335 5193 lll.
366 5123 473 5196 Hodie
497 5123 723 5196 absconditum
750 5151 768 5195 a
791 5122 907 5196 saeculo
936 5123 1122 5221 mysterium
1148 5124 1246 5196 evasit
1272 5121 1489 5196 manifestum.
1516 5121 1672 5196 Dedecori
1690 5117 1799 5222 (160)

269 5375 276 5406 ¹
296 5370 381 5425 blattis.
400 5391 429 5431 n,
446 5392 468 5427 x.
483 5406 517 5414 --
533 5378 541 5408 ²
559 5373 644 5428 l'rolnx.
659 5394 708 5437 crs,
724 5377 748 5428 3.
816 5373 876 5428 ryg
891 5373 1050 5448 Philippenses
1057 5415 1064 5440 ,
1079 5394 1110 5438 u,
1125 5394 1169 5438 ro,
1188 5395 1228 5426 ιι.
