4006 6098
514 549 720 618 SANCTUS
750 547 1013 618 unuuonlus
1039 547 1414 616 Tlthlllll'l'UllGUS.
1683 551 1750 619 399

179 729 251 774 rum
265 701 387 774 visione
407 699 498 798 digni
517 698 743 772 habiti·sunt¹.
761 698 810 771 ld
828 696 931 770 solam
949 697 1113 795 Virginem
1130 697 1266 770 Mariam
1280 697 1501 798 Archangelus
1518 698 1650 772 Gabriel
1666 699 1752 772 claro

178 823 314 922 stipatus
335 820 460 894 lumino
481 821 584 903 veuit,
610 819 716 905 chre,
734 819 838 917 gratia
860 818 1000 920 plenam
1021 815 1134 921 (ltu)
1151 819 1181 892 oi
1202 819 1417 904 annuntians,
1435 833 1467 892 et
1487 820 1532 892 sic
1550 819 1656 923 (ipsa)
1672 821 1754 894 Ver-

179 944 259 1016 bum
286 943 442 1043 suscepit,
460 955 670 1041 temporeque
697 941 844 1041 corporei
865 953 978 1040 partus
1000 940 1126 1042 expleto
1148 940 1414 1040 pretiosissimam
1435 940 1572 1042 protulit
1592 941 1754 1042 margari-

181 1080 257 1139 tam.

234 1239 317 1312 Vlll.
345 1240 460 1312 Adeste
480 1237 591 1337 igitur,
611 1237 826 1322 dilectissimi,
845 1250 876 1310 ct
903 1265 1058 1310 canamus
1079 1237 1221 1322 cantica,
1240 1265 1313 1339 quae
1334 1237 1504 1312 didicimus
1524 1265 1561 1311 ex
1582 1239 1712 1311 Doridis
1734 1269 1752 1310 a

181 1362 248 1433 Deo
273 1361 381 1433 afflata
403 1359 525 1433 cithara
544 1391 552 1432 :
572 1360 719 1457 «Surge,
741 1359 896 1444 Domine,
918 1359 952 1429 in
981 1361 1128 1460 requiem
1153 1373 1260 1444 tuam,
1281 1370 1316 1430 tu
1340 1371 1372 1431 et
1399 1386 1471 1431 arca
1494 1361 1754 1434 sanctificationis

181 1483 334 1554 otuae²lo
349 1481 432 1553 Vere
456 1493 504 1552 est
526 1480 613 1552 enim
640 1507 715 1551 arca
737 1493 846 1552 sancta
864 1479 978 1576 Virgo,
998 1481 1190 1552 intrinsecus
1216 1494 1248 1552 ct
1274 1480 1470 1551 extrinsecus
1492 1479 1662 1565 deaurata,
1680 1509 1753 1582 quae

180 1603 365 1675 universum
385 1600 563 1674 sanctitatis
582 1601 770 1673 thesaurum
794 1601 939 1701 recepit:
959 1602 1104 1700 «Surge,
1122 1600 1277 1683 Domine,
1297 1628 1314 1672 e
1335 1601 1409 1672 sinu
1432 1599 1552 1684 Patris,
1576 1615 1613 1673 ut
1635 1601 1754 1701 collap-

180 1751 276 1795 ssum
295 1723 398 1822 erigas
417 1748 519 1819 genus
533 1722 630 1821 primi
648 1721 808 1821 parentis,
825 1721 1006 1794 Adamiu»
1023 1722 1101 1794 Haec
1115 1721 1278 1821 Propheta
1297 1719 1339 1792 ad
1355 1747 1442 1805 cam,
1461 1749 1534 1820 quae
1553 1749 1589 1794 ex
1606 1720 1662 1793 illo
1683 1748 1755 1820 ger·
1874 1785 1876 1788 .

180 1846 341 1916 minatum
358 1857 443 1928 erat,
459 1843 581 1942 virgam
596 1843 720 1914 fructus
736 1841 817 1914 llore
831 1842 1101 1942 pulcherrimam,
1117 1842 1312 1926 vaticinans,
1330 1841 1459 1914 aiebat:
1479 1842 1604 1925 «Audi,
1621 1843 1703 1926 filio,
1722 1855 1755 1916 et

180 1965 294 2050 aride,
310 1979 341 2038 ct
358 1964 478 2036 inclina
497 1990 609 2035 aurem
628 1977 734 2047 tuam;
754 1962 939 2036 obliviscere
957 1964 1117 2064 populum
1131 1975 1223 2036 tuum
1242 1976 1274 2034 et
1293 1963 1428 2035 domum
1446 1963 1561 2062 patris,
1582 1963 1657 2063 quia
1676 1990 1755 2036 con-

180 2087 325 2188 scupirit
342 2113 394 2158 rex
412 2083 689 2185 pulchritudinem
707 2097 813 2169 tuam;
830 2086 985 2185 quoniam
1004 2085 1072 2184 ipsc
1091 2097 1138 2156 est
1155 2083 1314 2156 Dominus
1338 2097 1429 2168 tuus,
1448 2083 1599 2156 adorabis
1616 2088 1753 2156 euml.»

181 2207 282 2293 Audi,
297 2207 381 2292 filia,
398 2233 470 2307 quae
487 2204 612 2278 dudum
630 2205 671 2278 de
689 2217 721 2278 te
738 2204 931 2306 prophetata
948 2218 1044 2290 sunt,
1059 2217 1095 2277 ut
1112 2218 1144 2277 et
1160 2202 1302 2278 mentis⁵
1318 2203 1419 2276 oculis
1436 2231 1488 2276 res
1509 2204 1594 2305 ipsas
1612 2219 1755 2276 contem-⁴

181 2328 291 2429 pletis.
307 2328 393 2412 Audi
410 2354 462 2399 mc
477 2326 536 2416 tibi
553 2325 621 2398 haec
639 2325 892 2424 significantem,
910 2326 967 2400 scd
985 2339 1017 2398 et
1034 2325 1111 2398 audi
1128 2325 1280 2397 nuntium
1299 2325 1355 2425 qui
1373 2325 1551 2424 perlectum
1566 2325 1754 2425 mysterium

182 2449 240 2521 tibi
257 2448 403 2550 explicat.

233 2634 285 2709 lll.
312 2634 426 2708 Venite
446 2661 548 2719 nunc,
566 2633 781 2720 dilectissimi,
802 2632 960 2734 priusque
976 2633 1063 2706 dicta
1086 2634 1120 2704 in
1142 2632 1333 2706 memoriam
1354 2631 1561 2719 reducentes,
1579 2632 1701 2732 virgam
1719 2659 1755 2705 cx

180 2757 268 2829 lesse
292 2754 499 2830 ineffabiliter
521 2755 757 2854 germinantem
784 2754 1002 2852 glorificemus
1023 2754 1219 2855 beatamque
1244 2753 1467 2854 praedicemus.
1487 2753 1559 2827 Nou
1585 2753 1673 2826 cuim
1696 2752 1757 2825 soli
1784 2787 1786 2794 ·

181 2877 198 2950 J
201 2876 321 2979 asepho
336 2875 393 2950 sed
410 2890 442 2950 et
456 2875 518 2977 ipsi
532 2876 678 2976 Deiparae
694 2875 914 2948 testimonium
927 2874 1239 2974 perhibens,Lucas
1252 2889 1382 2948 enarrat
1399 2874 1519 2949 alicubi
1533 2876 1568 2947 in
1582 2873 1756 2974 Evangelio

183 2999 283 3100 ipsius
297 3026 371 3072 cum
387 2997 509 3071 Daride
527 2997 769 3095 cognationem,
787 2995 918 3067 dicens:
939 2995 1059 3066 «Venit
1077 3007 1108 3066 ct
1124 2994 1242 3096 loseph
1265 3023 1282 3066 a
1299 2994 1431 3068 Galilaea
1453 2997 1495 3069 ad
1510 2995 1626 3069 urbem
1643 3024 1758 3097 quam-

183 3119 284 3192 odam
298 3117 433 3200 ludam,
450 3144 523 3217 quae
535 3130 668 3189 vocatur
682 3114 889 3198 bethlehem,
901 3127 937 3185 ut
950 3113 1181 3185 inscriberetur
1196 3140 1270 3185 cum
1280 3113 1384 3186 Maria
1397 3115 1590 3215 desponsata
1601 3116 1661 3188 sibi
1678 3143 1759 3216 prae-

184 3253 345 3339 regnante,
363 3266 401 3311 eo
418 3237 507 3339 quod
530 3251 612 3310 osset
628 3264 646 3309 e
664 3235 760 3309 domo
778 3249 811 3307 ct
831 3234 954 3306 familia
969 3233 1083 3306 David.
1103 3232 1230 3334 lmpleti
1248 3247 1323 3306 sunt
1339 3235 1408 3307 dies
1427 3249 1465 3308 ut
1480 3249 1610 3336 pareret
1625 3237 1712 3336 ipsu,
1726 3250 1758 3308 et

184 3360 335 3461 «peperit
357 3359 461 3432 lilium
483 3383 595 3440 suum,
619 3354 872 3457 primogenitum
893 3354 1041 3427 omnium
1064 3367 1301 3440 creaturarum,
1320 3367 1352 3427 ct
1372 3355 1492 3456 pannis
1512 3382 1588 3428 eum
1609 3355 1756 3441 involuit,

185 3495 242 3554 cet
263 3480 372 3582 posuit
392 3479 426 3552 in
454 3478 672 3580 praescpio⁶.n
696 3476 817 3556 Pennis
841 3475 972 3549 involvit
997 3477 1054 3576 qui
1081 3474 1228 3549 omnium
1256 3489 1478 3549 creaturarum
1504 3476 1568 3549 fuit
1593 3476 1757 3562 conditam

185 3600 300 3704 pannis
317 3600 450 3674 involvit
470 3600 526 3702 qui
545 3599 719 3671 «amicitur
738 3597 862 3670 lumine
885 3597 968 3670 sicut
986 3597 1240 3683 vestimento⁷n3
1262 3596 1429 3671 reclinavit
1449 3597 1484 3670 iu
1502 3598 1658 3700 praesepio
1682 3625 1757 3670 eum

185 3724 242 3824 qui
257 3723 353 3795 altius
368 3749 467 3823 quam
480 3719 657 3794 Cherubim
675 3720 811 3792 sedetet
828 3718 869 3790 ab
888 3719 1012 3818 angelis
1029 3717 1210 3790 innumeris
1228 3719 1394 3792 adoratur.
1412 3719 1450 3790 ln
1468 3719 1659 3792 animalium
1676 3736 1762 3820 praess

185 3845 274 3944 sepio
293 3843 451 3945 requierit
470 3843 557 3938 Deus
575 3840 733 3926 Verbum,
753 3855 803 3925 ut,
821 3840 898 3913 solis
918 3841 1030 3925 instar,
1050 3839 1238 3913 hominibus
1255 3839 1419 3914 voluntate
1439 3867 1497 3930 sua
1516 3839 1760 3914 irrationalibus

185 3965 276 4038 lactis
293 3990 424 4038 sonsum
441 3963 634 4036 restitueret.
653 3961 691 4032 ln
711 3987 823 4034 mensa
835 3960 1061 4060 jumentorum
1075 3961 1260 4061 propositus
1275 3961 1337 4033 luit
1354 3960 1491 4034 coelcstis
1509 3962 1603 4062 panis
1620 3961 1706 4046 ritae,
1723 3975 1761 4034 ut

185 4086 268 4159 reris
283 4085 471 4158 hominibus
493 4083 613 4156 coelesti
632 4082 783 4181 mysterio
801 4095 927 4182 partem
947 4082 1113 4154 tribueret.
1134 4081 1199 4154 «Et
1216 4109 1281 4153 non
1302 4094 1372 4154 erat
1388 4082 1434 4153 eis
1451 4081 1540 4155 locus
1561 4083 1596 4155 in
1614 4082 1759 4156 diversa-

187 4209 321 4279 ericen
336 4205 457 4278 Locum
473 4231 540 4279 nan
557 4203 674 4276 habuit
692 4204 749 4304 qui
765 4201 881 4275 coelum
902 4216 934 4274 et
950 4215 1070 4275 terram
1087 4203 1219 4286 crearit3
1239 4202 1396 4302 quoniam
1414 4203 1496 4304 oqui
1514 4203 1602 4275 dives
1616 4216 1685 4276 arat
1699 4208 1758 4304 p'ro
1799 4289 1803 4297 Ι

187 4328 306 4401 anobis
320 4329 423 4401 factus
443 4340 490 4399 est
509 4328 679 4428 pauper⁹n
697 4323 845 4425 servique
861 4337 1084 4429 paupertatem
1100 4323 1134 4395 in
1155 4351 1188 4394 se
1206 4323 1378 4426 assumpsit
1394 4337 1430 4396 ut
1447 4339 1590 4397 nostram
1611 4337 1759 4396 naturam

186 4449 332 4524 salvaret.
349 4451 392 4522 Er
406 4447 502 4520 insita
514 4447 576 4518 sibi
590 4445 735 4519 bonitate
751 4471 826 4542 erga
845 4471 904 4518 nos
918 4443 1076 4517 inellabili
1092 4445 1271 4517 mconomia
1284 4471 1412 4517 amnem
1429 4445 1572 4546 implerit
1580 4446 1758 4544 justitiam,

187 4571 220 4641 in
246 4571 326 4643 coelo
344 4585 376 4642 et
399 4571 433 4641 in
456 4568 528 4640 sinu
545 4567 665 4649 Patris,
684 4567 737 4638 hic
759 4566 794 4637 in
816 4565 971 4667 spelunca
993 4579 1024 4638 et
1045 4566 1080 4637 in
1104 4565 1190 4638 ulnis
1211 4567 1333 4638 matris.
1355 4565 1522 4666 Requicrit
1544 4567 1577 4638 in
1602 4565 1760 4667 presepio

188 4688 406 4794 (150)(ῐ11ι)
424 4716 521 4792 quem
539 4687 677 4786 angelici
695 4687 785 4760 chori
801 4686 1047 4760 circumdabant
1063 4687 1096 4759 in
1118 4687 1215 4770 coelo,
1236 4719 1253 4755 ιι
1261 4685 1398 4786 gloriam
1418 4689 1487 4787 ojus
1509 4687 1715 4774 concinentes
1730 4699 1764 4777 et¹

190 4809 248 4882 ain
266 4825 350 4884 terra
368 4837 480 4912 pacem
502 4807 691 4881 hominibus
709 4807 910 4881 notificantes
921 4812 956 4878 ¹⁰.
968 4841 984 4876 ι
998 4806 1036 4879 ln
1054 4807 1133 4880 coelo
1156 4808 1197 4880 ad
1218 4807 1380 4880 dexteram
1398 4808 1503 4879 Patris
1525 4806 1657 4880 sedebat
1679 4821 1710 4878 ct
1726 4807 1760 4878 in

231 5045 237 5076 ¹
258 5041 305 5096 llic
326 5043 476 5098 omittuntur
495 5042 609 5117 quadam
632 5063 687 5118 qun
711 5049 808 5096 exstant
832 5049 885 5096 tum
910 5043 937 5096 in
1012 5060 1093 5116 grece
1104 5045 1277 5112 yrdoam.—
1294 5045 1304 5074 ⁸
1319 5040 1377 5094 lnce.
1390 5059 1423 5105 ιι,
1439 5042 1463 5102 ἱι,
1475 5042 1500 5095 6.
1514 5041 1610 5096 Desunt
1621 5041 1647 5096 in
1660 5059 1762 5097 armeno

188 5153 280 5209 graece,
294 5142 348 5189 turn
361 5137 387 5192 in
400 5138 490 5210 syriace
503 5137 585 5192 editis.
597 5169 635 5178 -
645 5140 656 5170 ¹
669 5135 757 5190 Psolnc
770 5153 851 5198 orari,
863 5135 888 5189 8.
901 5167 939 5176 -
1014 5143 1042 5190 nt
1054 5136 1081 5190 in
1090 5153 1146 5208 apro
1157 5153 1214 5208 quae
1226 5152 1305 5208 grace
1317 5141 1428 5189 exstant:
1442 5133 1507 5200 Ouio
1518 5153 1565 5188 non
1573 5146 1625 5188 erut
1637 5135 1685 5188 illia
1696 5135 1768 5190 teos·

187 5233 197 5262 ³
213 5229 240 5284 ln
252 5246 333 5302 graeco
348 5236 415 5284 textu
429 5229 499 5284 deest
508 5229 610 5294 Adoni,
622 5248 672 5284 non
687 5228 808 5284 antemio
820 5247 885 5300 syro.
901 5259 940 5269 -
1015 5229 1040 5281 io
1054 5228 1192 5283 diversorio.
1208 5259 1245 5268 -
1257 5231 1267 5260 ⁷
1282 5226 1372 5282 Poulei.
1392 5246 1449 5290 cur,
1463 5247 1487 5284 a.
1505 5259 1543 5270 --
1562 5231 1572 5261 ⁸
1587 5225 1647 5282 buc.
1667 5247 1699 5292 n,
1718 5247 1760 5301 ¹7·

189 5325 198 5356 ¹
213 5321 302 5378 Proba.
316 5341 378 5386 rcrr,
396 5342 438 5386 ιι,
456 5341 542 5377 ιι.-
554 5327 564 5357 ⁶
578 5321 614 5377 nd
629 5322 736 5392 litteram
749 5321 901 5392 cognitam,
914 5329 942 5376 ut
1014 5351 1052 5360 —
1064 5323 1074 5354 ⁹
1089 5321 1112 5375 ll
1127 5321 1167 5374 Ad
1180 5319 1286 5375 Corinth.
1300 5339 1358 5385 ιιιι,
1373 5341 1398 5393 q.
1412 5353 1449 5362 -
1462 5324 1481 5356 ¹⁰
1491 5321 1548 5376 Luc.
1560 5341 1593 5386 ιι,
1607 5323 1650 5376 alr.
