<?xml version="1.0" encoding="UTF-8"?>
<!DOCTYPE html PUBLIC "-//W3C//DTD XHTML 1.0 Transitional//EN"
    "http://www.w3.org/TR/xhtml1/DTD/xhtml1-transitional.dtd">
<html xmlns="http://www.w3.org/1999/xhtml" xml:lang="en" lang="en">
 <head>
  <title>
</title>
<meta http-equiv="Content-Type" content="text/html;charset=utf-8" />
  <meta name='ocr-system' content='tesseract 3.04.00' />
  <meta name='ocr-capabilities' content='ocr_page ocr_carea ocr_par ocr_line ocrx_word'/>
</head>
<body>
  <div class='ocr_page' id='page_1' title='image "./analectasacrasp03pitrgoog_0493.png"; bbox 0 0 3980 6084; ppageno 0'>
   <div class='ocr_carea' id='block_1_1' title="bbox 256 469 1476 578">
    <p class='ocr_par' dir='ltr' id='par_1_1' title="bbox 256 469 1476 578">
     <span class='ocr_line' id='line_1_1' title="bbox 256 469 1476 578; baseline -0.005 -1"><span class='ocrx_word' id='word_1_1' title='bbox 256 511 323 578; x_wconf 83' lang='lat' dir='ltr'>aas</span> <span class='ocrx_word' id='word_1_2' title='bbox 607 469 780 576; x_wconf 76' lang='lat' dir='ltr'>naraon</span> <span class='ocrx_word' id='word_1_3' title='bbox 810 505 1210 574; x_wconf 81' lang='lat' dir='ltr'>nursnrcrauonun</span> <span class='ocrx_word' id='word_1_4' title='bbox 1241 505 1476 572; x_wconf 76' lang='lat' dir='ltr'>suanacas.</span> 
     </span>
    </p>
   </div>
   <div class='ocr_carea' id='block_1_2' title="bbox 256 653 1836 2086">
    <p class='ocr_par' dir='ltr' id='par_1_2' title="bbox 256 653 1836 2086">
     <span class='ocr_line' id='line_1_2' title="bbox 256 653 1836 759; baseline -0.001 -28"><span class='ocrx_word' id='word_1_5' title='bbox 256 658 329 759; x_wconf 91' lang='lat' dir='ltr'>qui,</span> <span class='ocrx_word' id='word_1_6' title='bbox 355 657 434 731; x_wconf 90' lang='lat' dir='ltr'>dum</span> <span class='ocrx_word' id='word_1_7' title='bbox 460 656 661 739; x_wconf 78' lang='lat' dir='ltr'>incederent,</span> <span class='ocrx_word' id='word_1_8' title='bbox 688 657 800 730; x_wconf 85' lang='lat' dir='ltr'>lestivo</span> <span class='ocrx_word' id='word_1_9' title='bbox 826 670 983 756; x_wconf 88' lang='lat' dir='ltr'>apparatu</span> <span class='ocrx_word' id='word_1_10' title='bbox 1011 669 1068 726; x_wconf 90' lang='lat' dir='ltr'>aut</span> <span class='ocrx_word' id='word_1_11' title='bbox 1089 655 1332 754; x_wconf 74' lang='lat' dir='ltr'>pretiosioribus</span> <span class='ocrx_word' id='word_1_12' title='bbox 1356 655 1496 728; x_wconf 84' lang='lat' dir='ltr'>vestibus</span> <span class='ocrx_word' id='word_1_13' title='bbox 1520 653 1569 728; x_wconf 90' lang='lat' dir='ltr'>usi</span> <span class='ocrx_word' id='word_1_14' title='bbox 1595 668 1687 738; x_wconf 91' lang='lat' dir='ltr'>sunt,</span> <span class='ocrx_word' id='word_1_15' title='bbox 1705 655 1836 755; x_wconf 88' lang='lat' dir='ltr'>quique</span> 
     </span>
     <span class='ocr_line' id='line_1_3' title="bbox 257 771 1834 878; baseline -0.004 -25"><span class='ocrx_word' id='word_1_16' title='bbox 257 808 355 853; x_wconf 83' lang='lat' dir='ltr'>coence</span> <span class='ocrx_word' id='word_1_17' title='bbox 377 779 599 852; x_wconf 81' lang='lat' dir='ltr'>indifferenter</span> <span class='ocrx_word' id='word_1_18' title='bbox 615 778 787 878; x_wconf 80' lang='lat' dir='ltr'>participes</span> <span class='ocrx_word' id='word_1_19' title='bbox 803 778 878 850; x_wconf 89' lang='lat' dir='ltr'>lacti</span> <span class='ocrx_word' id='word_1_20' title='bbox 896 789 988 860; x_wconf 87' lang='lat' dir='ltr'>sunt,</span> <span class='ocrx_word' id='word_1_21' title='bbox 1010 775 1132 878; x_wconf 81' lang='lat' dir='ltr'>placuit</span> <span class='ocrx_word' id='word_1_22' title='bbox 1148 774 1296 872; x_wconf 76' lang='lat' dir='ltr'>Synodo,</span> <span class='ocrx_word' id='word_1_23' title='bbox 1317 790 1353 848; x_wconf 88' lang='lat' dir='ltr'>ut</span> <span class='ocrx_word' id='word_1_24' title='bbox 1374 802 1462 847; x_wconf 91' lang='lat' dir='ltr'>anno</span> <span class='ocrx_word' id='word_1_25' title='bbox 1484 771 1609 873; x_wconf 83' lang='lat' dir='ltr'>intcgr&#39;o</span> <span class='ocrx_word' id='word_1_26' title='bbox 1632 774 1717 848; x_wconf 91' lang='lat' dir='ltr'>inter</span> <span class='ocrx_word' id='word_1_27' title='bbox 1731 776 1834 848; x_wconf 91' lang='lat' dir='ltr'>audi-</span> 
     </span>
     <span class='ocr_line' id='line_1_4' title="bbox 257 894 1834 997; baseline -0.004 -23"><span class='ocrx_word' id='word_1_28' title='bbox 257 915 342 974; x_wconf 84' lang='lat' dir='ltr'>tores</span> <span class='ocrx_word' id='word_1_29' title='bbox 359 912 564 983; x_wconf 78' lang='lat' dir='ltr'>remaneant,</span> <span class='ocrx_word' id='word_1_30' title='bbox 581 899 683 972; x_wconf 87' lang='lat' dir='ltr'>tribus</span> <span class='ocrx_word' id='word_1_31' title='bbox 701 899 796 990; x_wconf 89' lang='lat' dir='ltr'>annis</span> <span class='ocrx_word' id='word_1_32' title='bbox 812 925 921 997; x_wconf 82' lang='lat' dir='ltr'>genua</span> <span class='ocrx_word' id='word_1_33' title='bbox 945 897 1077 971; x_wconf 87' lang='lat' dir='ltr'>llectant</span> <span class='ocrx_word' id='word_1_34' title='bbox 1094 923 1167 968; x_wconf 88' lang='lat' dir='ltr'>cum</span> <span class='ocrx_word' id='word_1_35' title='bbox 1184 894 1432 995; x_wconf 72' lang='lat' dir='ltr'>penitentibus,</span> <span class='ocrx_word' id='word_1_36' title='bbox 1448 894 1578 968; x_wconf 87' lang='lat' dir='ltr'>duobus</span> <span class='ocrx_word' id='word_1_37' title='bbox 1591 894 1685 968; x_wconf 88' lang='lat' dir='ltr'>annis</span> <span class='ocrx_word' id='word_1_38' title='bbox 1708 897 1834 970; x_wconf 88' lang='lat' dir='ltr'>oratio-</span> 
     </span>
     <span class='ocr_line' id='line_1_5' title="bbox 256 1015 1833 1120; baseline -0.004 -26"><span class='ocrx_word' id='word_1_39' title='bbox 256 1021 353 1094; x_wconf 88' lang='lat' dir='ltr'>nibus</span> <span class='ocrx_word' id='word_1_40' title='bbox 369 1033 496 1094; x_wconf 86' lang='lat' dir='ltr'>tanturn</span> <span class='ocrx_word' id='word_1_41' title='bbox 513 1019 723 1120; x_wconf 86' lang='lat' dir='ltr'>participant,</span> <span class='ocrx_word' id='word_1_42' title='bbox 737 1033 770 1092; x_wconf 88' lang='lat' dir='ltr'>et</span> <span class='ocrx_word' id='word_1_43' title='bbox 784 1020 828 1092; x_wconf 91' lang='lat' dir='ltr'>ita</span> <span class='ocrx_word' id='word_1_44' title='bbox 845 1017 980 1090; x_wconf 90' lang='lat' dir='ltr'>demum</span> <span class='ocrx_word' id='word_1_45' title='bbox 993 1018 1035 1090; x_wconf 92' lang='lat' dir='ltr'>ad</span> <span class='ocrx_word' id='word_1_46' title='bbox 1050 1017 1084 1089; x_wconf 92' lang='lat' dir='ltr'>id</span> <span class='ocrx_word' id='word_1_47' title='bbox 1098 1016 1187 1116; x_wconf 92' lang='lat' dir='ltr'>quod</span> <span class='ocrx_word' id='word_1_48' title='bbox 1200 1017 1378 1116; x_wconf 88' lang='lat' dir='ltr'>perlectum</span> <span class='ocrx_word' id='word_1_49' title='bbox 1391 1029 1439 1087; x_wconf 89' lang='lat' dir='ltr'>est</span> <span class='ocrx_word' id='word_1_50' title='bbox 1449 1015 1691 1088; x_wconf 84' lang='lat' dir='ltr'>admittantur¹.</span> <span class='ocrx_word' id='word_1_51' title='bbox 1706 1016 1833 1090; x_wconf 85' lang='lat' dir='ltr'>Omnes</span> 
     </span>
     <span class='ocr_line' id='line_1_6' title="bbox 256 1135 1833 1240; baseline -0.004 -26"><span class='ocrx_word' id='word_1_52' title='bbox 256 1156 365 1214; x_wconf 90' lang='lat' dir='ltr'>autem</span> <span class='ocrx_word' id='word_1_53' title='bbox 382 1140 432 1213; x_wconf 92' lang='lat' dir='ltr'>illi</span> <span class='ocrx_word' id='word_1_54' title='bbox 452 1141 508 1240; x_wconf 90' lang='lat' dir='ltr'>qui</span> <span class='ocrx_word' id='word_1_55' title='bbox 530 1139 663 1238; x_wconf 81' lang='lat' dir='ltr'>lugubri</span> <span class='ocrx_word' id='word_1_56' title='bbox 683 1154 769 1215; x_wconf 86' lang='lat' dir='ltr'>reste</span> <span class='ocrx_word' id='word_1_57' title='bbox 789 1152 1009 1223; x_wconf 88' lang='lat' dir='ltr'>accesserunt,</span> <span class='ocrx_word' id='word_1_58' title='bbox 1032 1137 1171 1239; x_wconf 88' lang='lat' dir='ltr'>quique,</span> <span class='ocrx_word' id='word_1_59' title='bbox 1194 1137 1341 1210; x_wconf 90' lang='lat' dir='ltr'>reclinati</span> <span class='ocrx_word' id='word_1_60' title='bbox 1363 1149 1399 1208; x_wconf 92' lang='lat' dir='ltr'>ut</span> <span class='ocrx_word' id='word_1_61' title='bbox 1420 1135 1671 1221; x_wconf 86' lang='lat' dir='ltr'>manducarent,</span> <span class='ocrx_word' id='word_1_62' title='bbox 1695 1163 1754 1237; x_wconf 89' lang='lat' dir='ltr'>per</span> <span class='ocrx_word' id='word_1_63' title='bbox 1775 1137 1833 1208; x_wconf 90' lang='lat' dir='ltr'>in-</span> 
     </span>
     <span class='ocr_line' id='line_1_7' title="bbox 258 1257 1832 1361; baseline -0.004 -27"><span class='ocrx_word' id='word_1_64' title='bbox 258 1275 384 1361; x_wconf 81' lang='lat' dir='ltr'>tegrum</span> <span class='ocrx_word' id='word_1_65' title='bbox 406 1289 505 1334; x_wconf 75' lang='lat' dir='ltr'>crena</span> <span class='ocrx_word' id='word_1_66' title='bbox 528 1275 655 1360; x_wconf 89' lang='lat' dir='ltr'>tempus</span> <span class='ocrx_word' id='word_1_67' title='bbox 678 1260 891 1361; x_wconf 76' lang='lat' dir='ltr'>lacrymantes</span> <span class='ocrx_word' id='word_1_68' title='bbox 909 1260 970 1332; x_wconf 85' lang='lat' dir='ltr'>visi</span> <span class='ocrx_word' id='word_1_69' title='bbox 988 1272 1079 1342; x_wconf 86' lang='lat' dir='ltr'>sunt,</span> <span class='ocrx_word' id='word_1_70' title='bbox 1096 1285 1171 1330; x_wconf 90' lang='lat' dir='ltr'>cum</span> <span class='ocrx_word' id='word_1_71' title='bbox 1188 1271 1254 1330; x_wconf 85' lang='lat' dir='ltr'>tres</span> <span class='ocrx_word' id='word_1_72' title='bbox 1266 1257 1464 1358; x_wconf 74' lang='lat' dir='ltr'>poenitentia</span> <span class='ocrx_word' id='word_1_73' title='bbox 1481 1284 1584 1328; x_wconf 90' lang='lat' dir='ltr'>annos</span> <span class='ocrx_word' id='word_1_74' title='bbox 1604 1257 1766 1356; x_wconf 81' lang='lat' dir='ltr'>degerint,</span> <span class='ocrx_word' id='word_1_75' title='bbox 1786 1257 1832 1329; x_wconf 89' lang='lat' dir='ltr'>ad</span> 
     </span>
     <span class='ocr_line' id='line_1_8' title="bbox 256 1377 1832 1484; baseline -0.003 -30"><span class='ocrx_word' id='word_1_76' title='bbox 256 1383 365 1454; x_wconf 89' lang='lat' dir='ltr'>omnia</span> <span class='ocrx_word' id='word_1_77' title='bbox 383 1383 582 1484; x_wconf 90' lang='lat' dir='ltr'>recipiantur</span> <span class='ocrx_word' id='word_1_78' title='bbox 595 1395 811 1482; x_wconf 70' lang='lat' dir='ltr'>preterquam</span> <span class='ocrx_word' id='word_1_79' title='bbox 829 1380 870 1453; x_wconf 90' lang='lat' dir='ltr'>ad</span> <span class='ocrx_word' id='word_1_80' title='bbox 886 1381 1114 1453; x_wconf 72' lang='lat' dir='ltr'>ablationem2.</span> <span class='ocrx_word' id='word_1_81' title='bbox 1137 1378 1234 1462; x_wconf 85' lang='lat' dir='ltr'>Quod</span> <span class='ocrx_word' id='word_1_82' title='bbox 1251 1378 1278 1450; x_wconf 90' lang='lat' dir='ltr'>si</span> <span class='ocrx_word' id='word_1_83' title='bbox 1294 1405 1360 1450; x_wconf 90' lang='lat' dir='ltr'>non</span> <span class='ocrx_word' id='word_1_84' title='bbox 1378 1377 1591 1462; x_wconf 85' lang='lat' dir='ltr'>comederint,</span> <span class='ocrx_word' id='word_1_85' title='bbox 1610 1405 1685 1450; x_wconf 86' lang='lat' dir='ltr'>curn</span> <span class='ocrx_word' id='word_1_86' title='bbox 1700 1377 1832 1450; x_wconf 89' lang='lat' dir='ltr'>duobus</span> 
     </span>
     <span class='ocr_line' id='line_1_9' title="bbox 256 1499 1832 1606; baseline -0.003 -31"><span class='ocrx_word' id='word_1_87' title='bbox 256 1505 351 1576; x_wconf 89' lang='lat' dir='ltr'>annis</span> <span class='ocrx_word' id='word_1_88' title='bbox 374 1503 569 1606; x_wconf 71' lang='lat' dir='ltr'>penitentie</span> <span class='ocrx_word' id='word_1_89' title='bbox 591 1503 787 1588; x_wconf 86' lang='lat' dir='ltr'>vacaverint,</span> <span class='ocrx_word' id='word_1_90' title='bbox 807 1503 901 1575; x_wconf 88' lang='lat' dir='ltr'>tertio</span> <span class='ocrx_word' id='word_1_91' title='bbox 926 1527 1012 1574; x_wconf 89' lang='lat' dir='ltr'>anno</span> <span class='ocrx_word' id='word_1_92' title='bbox 1037 1501 1176 1572; x_wconf 90' lang='lat' dir='ltr'>orationi</span> <span class='ocrx_word' id='word_1_93' title='bbox 1200 1499 1408 1600; x_wconf 88' lang='lat' dir='ltr'>participent,</span> <span class='ocrx_word' id='word_1_94' title='bbox 1433 1524 1500 1572; x_wconf 89' lang='lat' dir='ltr'>non</span> <span class='ocrx_word' id='word_1_95' title='bbox 1520 1511 1628 1572; x_wconf 90' lang='lat' dir='ltr'>autem</span> <span class='ocrx_word' id='word_1_96' title='bbox 1653 1499 1832 1585; x_wconf 88' lang='lat' dir='ltr'>oblationi,</span> 
     </span>
     <span class='ocr_line' id='line_1_10' title="bbox 256 1619 1832 1724; baseline -0.003 -27"><span class='ocrx_word' id='word_1_97' title='bbox 256 1625 300 1697; x_wconf 88' lang='lat' dir='ltr'>ita</span> <span class='ocrx_word' id='word_1_98' title='bbox 325 1638 361 1697; x_wconf 89' lang='lat' dir='ltr'>ut</span> <span class='ocrx_word' id='word_1_99' title='bbox 377 1637 492 1724; x_wconf 89' lang='lat' dir='ltr'>quarto</span> <span class='ocrx_word' id='word_1_100' title='bbox 518 1651 602 1696; x_wconf 91' lang='lat' dir='ltr'>anno</span> <span class='ocrx_word' id='word_1_101' title='bbox 621 1623 654 1696; x_wconf 94' lang='lat' dir='ltr'>id</span> <span class='ocrx_word' id='word_1_102' title='bbox 672 1623 762 1723; x_wconf 92' lang='lat' dir='ltr'>quod</span> <span class='ocrx_word' id='word_1_103' title='bbox 783 1623 962 1724; x_wconf 84' lang='lat' dir='ltr'>perlectum</span> <span class='ocrx_word' id='word_1_104' title='bbox 985 1635 1032 1694; x_wconf 87' lang='lat' dir='ltr'>est</span> <span class='ocrx_word' id='word_1_105' title='bbox 1054 1619 1222 1721; x_wconf 90' lang='lat' dir='ltr'>accipiant.</span> <span class='ocrx_word' id='word_1_106' title='bbox 1241 1619 1407 1720; x_wconf 85' lang='lat' dir='ltr'>Episcopis</span> <span class='ocrx_word' id='word_1_107' title='bbox 1427 1631 1552 1704; x_wconf 88' lang='lat' dir='ltr'>antem,</span> <span class='ocrx_word' id='word_1_108' title='bbox 1571 1645 1673 1720; x_wconf 90' lang='lat' dir='ltr'>quum</span> <span class='ocrx_word' id='word_1_109' title='bbox 1691 1646 1832 1693; x_wconf 85' lang='lat' dir='ltr'>conver-</span> 
     </span>
     <span class='ocr_line' id='line_1_11' title="bbox 256 1739 1832 1844; baseline -0.002 -28"><span class='ocrx_word' id='word_1_110' title='bbox 256 1745 356 1816; x_wconf 89' lang='lat' dir='ltr'>sionis</span> <span class='ocrx_word' id='word_1_111' title='bbox 373 1743 505 1817; x_wconf 92' lang='lat' dir='ltr'>modum</span> <span class='ocrx_word' id='word_1_112' title='bbox 520 1745 652 1816; x_wconf 90' lang='lat' dir='ltr'>scrutati</span> <span class='ocrx_word' id='word_1_113' title='bbox 667 1745 805 1829; x_wconf 70' lang='lat' dir='ltr'>incunt,</span> <span class='ocrx_word' id='word_1_114' title='bbox 824 1743 1013 1844; x_wconf 91' lang='lat' dir='ltr'>ampliorem</span> <span class='ocrx_word' id='word_1_115' title='bbox 1030 1741 1125 1815; x_wconf 88' lang='lat' dir='ltr'>liceat</span> <span class='ocrx_word' id='word_1_116' title='bbox 1140 1742 1185 1814; x_wconf 92' lang='lat' dir='ltr'>eis</span> <span class='ocrx_word' id='word_1_117' title='bbox 1201 1739 1371 1812; x_wconf 87' lang='lat' dir='ltr'>ostendere</span> <span class='ocrx_word' id='word_1_118' title='bbox 1390 1739 1594 1825; x_wconf 89' lang='lat' dir='ltr'>charitatem,</span> <span class='ocrx_word' id='word_1_119' title='bbox 1611 1754 1669 1812; x_wconf 90' lang='lat' dir='ltr'>aut</span> <span class='ocrx_word' id='word_1_120' title='bbox 1686 1739 1832 1841; x_wconf 91' lang='lat' dir='ltr'>amplio-</span> 
     </span>
     <span class='ocr_line' id='line_1_12' title="bbox 257 1859 1828 1967; baseline -0.003 -30"><span class='ocrx_word' id='word_1_121' title='bbox 257 1867 325 1938; x_wconf 87' lang='lat' dir='ltr'>rem</span> <span class='ocrx_word' id='word_1_122' title='bbox 340 1865 507 1967; x_wconf 88' lang='lat' dir='ltr'>imponere</span> <span class='ocrx_word' id='word_1_123' title='bbox 522 1865 756 1966; x_wconf 83' lang='lat' dir='ltr'>paenitentiam.</span> <span class='ocrx_word' id='word_1_124' title='bbox 774 1865 855 1936; x_wconf 79' lang='lat' dir='ltr'>Ante</span> <span class='ocrx_word' id='word_1_125' title='bbox 875 1863 983 1937; x_wconf 90' lang='lat' dir='ltr'>omnia</span> <span class='ocrx_word' id='word_1_126' title='bbox 1004 1875 1113 1934; x_wconf 91' lang='lat' dir='ltr'>antem</span> <span class='ocrx_word' id='word_1_127' title='bbox 1131 1859 1317 1933; x_wconf 86' lang='lat' dir='ltr'>attendatur</span> <span class='ocrx_word' id='word_1_128' title='bbox 1334 1859 1437 1961; x_wconf 91' lang='lat' dir='ltr'>priori</span> <span class='ocrx_word' id='word_1_129' title='bbox 1457 1860 1693 1960; x_wconf 89' lang='lat' dir='ltr'>posteriorique</span> <span class='ocrx_word' id='word_1_130' title='bbox 1714 1887 1828 1932; x_wconf 88' lang='lat' dir='ltr'>eorum</span> 
     </span>
     <span class='ocr_line' id='line_1_13' title="bbox 257 1982 1425 2086; baseline -0.008 -26"><span class='ocrx_word' id='word_1_131' title='bbox 257 1987 505 2071; x_wconf 91' lang='lat' dir='ltr'>conversationi,</span> <span class='ocrx_word' id='word_1_132' title='bbox 526 2000 558 2060; x_wconf 90' lang='lat' dir='ltr'>et</span> <span class='ocrx_word' id='word_1_133' title='bbox 572 1987 617 2058; x_wconf 91' lang='lat' dir='ltr'>ita</span> <span class='ocrx_word' id='word_1_134' title='bbox 631 1986 711 2072; x_wconf 87' lang='lat' dir='ltr'>illis,</span> <span class='ocrx_word' id='word_1_135' title='bbox 726 1998 824 2086; x_wconf 90' lang='lat' dir='ltr'>prout</span> <span class='ocrx_word' id='word_1_136' title='bbox 841 1985 999 2068; x_wconf 88' lang='lat' dir='ltr'>decuerit,</span> <span class='ocrx_word' id='word_1_137' title='bbox 1020 1982 1211 2055; x_wconf 88' lang='lat' dir='ltr'>ostendatur</span> <span class='ocrx_word' id='word_1_138' title='bbox 1227 1982 1425 2054; x_wconf 85' lang='lat' dir='ltr'>bunranitas.</span> 
     </span>
    </p>
   </div>
   <div class='ocr_carea' id='block_1_3' title="bbox 254 2191 1826 3387">
    <p class='ocr_par' dir='ltr' id='par_1_3' title="bbox 254 2191 1826 3387">
     <span class='ocr_line' id='line_1_14' title="bbox 308 2191 1826 2304; baseline -0.004 -30"><span class='ocrx_word' id='word_1_139' title='bbox 308 2203 346 2273; x_wconf 88' lang='lat' dir='ltr'>V.</span> <span class='ocrx_word' id='word_1_140' title='bbox 374 2201 420 2274; x_wconf 87' lang='lat' dir='ltr'>De</span> <span class='ocrx_word' id='word_1_141' title='bbox 436 2201 495 2274; x_wconf 81' lang='lat' dir='ltr'>illis</span> <span class='ocrx_word' id='word_1_142' title='bbox 509 2202 563 2304; x_wconf 77' lang='lat' dir='ltr'>qni</span> <span class='ocrx_word' id='word_1_143' title='bbox 575 2201 662 2273; x_wconf 82' lang='lat' dir='ltr'>minis</span> <span class='ocrx_word' id='word_1_144' title='bbox 678 2217 791 2272; x_wconf 85' lang='lat' dir='ltr'>tanturn</span> <span class='ocrx_word' id='word_1_145' title='bbox 809 2217 966 2272; x_wconf 69' lang='lat' dir='ltr'>cesenat.</span> <span class='ocrx_word' id='word_1_146' title='bbox 980 2244 1032 2255; x_wconf 97' lang='lat'>—</span> <span class='ocrx_word' id='word_1_147' title='bbox 1046 2198 1083 2272; x_wconf 92' lang='lat' dir='ltr'>Si</span> <span class='ocrx_word' id='word_1_148' title='bbox 1101 2197 1250 2299; x_wconf 88' lang='lat' dir='ltr'>quidam,</span> <span class='ocrx_word' id='word_1_149' title='bbox 1268 2197 1364 2268; x_wconf 92' lang='lat' dir='ltr'>minis</span> <span class='ocrx_word' id='word_1_150' title='bbox 1382 2209 1508 2267; x_wconf 88' lang='lat' dir='ltr'>tantum</span> <span class='ocrx_word' id='word_1_151' title='bbox 1525 2191 1639 2267; x_wconf 82' lang='lat' dir='ltr'>devicti</span> <span class='ocrx_word' id='word_1_152' title='bbox 1654 2207 1687 2267; x_wconf 89' lang='lat' dir='ltr'>et</span> <span class='ocrx_word' id='word_1_153' title='bbox 1704 2194 1826 2296; x_wconf 89' lang='lat' dir='ltr'>absque</span> 
     </span>
     <span class='ocr_line' id='line_1_15' title="bbox 256 2315 1826 2422; baseline -0.004 -27"><span class='ocrx_word' id='word_1_154' title='bbox 256 2323 439 2409; x_wconf 84' lang='lat' dir='ltr'>tormentis,</span> <span class='ocrx_word' id='word_1_155' title='bbox 457 2323 620 2395; x_wconf 92' lang='lat' dir='ltr'>bonorum</span> <span class='ocrx_word' id='word_1_156' title='bbox 639 2320 819 2422; x_wconf 82' lang='lat' dir='ltr'>direptione</span> <span class='ocrx_word' id='word_1_157' title='bbox 839 2335 897 2393; x_wconf 89' lang='lat' dir='ltr'>aut</span> <span class='ocrx_word' id='word_1_158' title='bbox 911 2320 1022 2405; x_wconf 85' lang='lat' dir='ltr'>exilio,</span> <span class='ocrx_word' id='word_1_159' title='bbox 1037 2319 1278 2401; x_wconf 87' lang='lat' dir='ltr'>sacrificarunt,</span> <span class='ocrx_word' id='word_1_160' title='bbox 1298 2344 1419 2418; x_wconf 89' lang='lat' dir='ltr'>neque,</span> <span class='ocrx_word' id='word_1_161' title='bbox 1440 2342 1543 2416; x_wconf 89' lang='lat' dir='ltr'>usque</span> <span class='ocrx_word' id='word_1_162' title='bbox 1562 2315 1602 2387; x_wconf 91' lang='lat' dir='ltr'>ad</span> <span class='ocrx_word' id='word_1_163' title='bbox 1621 2315 1705 2388; x_wconf 91' lang='lat' dir='ltr'>banc</span> <span class='ocrx_word' id='word_1_164' title='bbox 1722 2315 1826 2400; x_wconf 89' lang='lat' dir='ltr'>diem,</span> 
     </span>
     <span class='ocr_line' id='line_1_16' title="bbox 255 2437 1826 2544; baseline -0.004 -28"><span class='ocrx_word' id='word_1_165' title='bbox 255 2444 400 2518; x_wconf 88' lang='lat' dir='ltr'>conversi</span> <span class='ocrx_word' id='word_1_166' title='bbox 425 2443 649 2544; x_wconf 77' lang='lat' dir='ltr'>poenitentiam</span> <span class='ocrx_word' id='word_1_167' title='bbox 677 2456 827 2540; x_wconf 81' lang='lat' dir='ltr'>egerunt,</span> <span class='ocrx_word' id='word_1_168' title='bbox 850 2469 937 2512; x_wconf 89' lang='lat' dir='ltr'>nunc</span> <span class='ocrx_word' id='word_1_169' title='bbox 960 2454 1086 2524; x_wconf 87' lang='lat' dir='ltr'>autem,</span> <span class='ocrx_word' id='word_1_170' title='bbox 1112 2439 1293 2513; x_wconf 88' lang='lat' dir='ltr'>coadunata</span> <span class='ocrx_word' id='word_1_171' title='bbox 1311 2437 1459 2536; x_wconf 81' lang='lat' dir='ltr'>Synodo,</span> <span class='ocrx_word' id='word_1_172' title='bbox 1485 2437 1673 2510; x_wconf 89' lang='lat' dir='ltr'>accedentes</span> <span class='ocrx_word' id='word_1_173' title='bbox 1691 2465 1826 2510; x_wconf 88' lang='lat' dir='ltr'>conver-</span> 
     </span>
     <span class='ocr_line' id='line_1_17' title="bbox 254 2557 1826 2662; baseline -0.004 -26"><span class='ocrx_word' id='word_1_174' title='bbox 254 2563 353 2636; x_wconf 90' lang='lat' dir='ltr'>sionis</span> <span class='ocrx_word' id='word_1_175' title='bbox 371 2565 618 2636; x_wconf 80' lang='lat' dir='ltr'>manifestarunt</span> <span class='ocrx_word' id='word_1_176' title='bbox 636 2562 837 2646; x_wconf 89' lang='lat' dir='ltr'>volitionem;</span> <span class='ocrx_word' id='word_1_177' title='bbox 857 2559 928 2633; x_wconf 92' lang='lat' dir='ltr'>illos</span> <span class='ocrx_word' id='word_1_178' title='bbox 950 2561 1072 2662; x_wconf 87' lang='lat' dir='ltr'>placuit</span> <span class='ocrx_word' id='word_1_179' title='bbox 1090 2560 1251 2660; x_wconf 88' lang='lat' dir='ltr'>usquead</span> <span class='ocrx_word' id='word_1_180' title='bbox 1273 2558 1359 2631; x_wconf 89' lang='lat' dir='ltr'>diem</span> <span class='ocrx_word' id='word_1_181' title='bbox 1377 2561 1546 2656; x_wconf 80' lang='lat' dir='ltr'>magnam³</span> <span class='ocrx_word' id='word_1_182' title='bbox 1561 2558 1645 2629; x_wconf 91' lang='lat' dir='ltr'>inter</span> <span class='ocrx_word' id='word_1_183' title='bbox 1663 2557 1826 2630; x_wconf 91' lang='lat' dir='ltr'>auditores</span> 
     </span>
     <span class='ocr_line' id='line_1_18' title="bbox 254 2678 1826 2785; baseline -0.004 -29"><span class='ocrx_word' id='word_1_184' title='bbox 254 2685 413 2785; x_wconf 86' lang='lat' dir='ltr'>recipere,</span> <span class='ocrx_word' id='word_1_185' title='bbox 445 2683 553 2784; x_wconf 86' lang='lat' dir='ltr'>elapsa</span> <span class='ocrx_word' id='word_1_186' title='bbox 580 2696 688 2755; x_wconf 88' lang='lat' dir='ltr'>autem</span> <span class='ocrx_word' id='word_1_187' title='bbox 715 2682 769 2754; x_wconf 90' lang='lat' dir='ltr'>die</span> <span class='ocrx_word' id='word_1_188' title='bbox 797 2709 931 2778; x_wconf 85' lang='lat' dir='ltr'>magna,</span> <span class='ocrx_word' id='word_1_189' title='bbox 963 2694 1027 2754; x_wconf 90' lang='lat' dir='ltr'>tres</span> <span class='ocrx_word' id='word_1_190' title='bbox 1060 2707 1162 2760; x_wconf 87' lang='lat' dir='ltr'>annos</span> <span class='ocrx_word' id='word_1_191' title='bbox 1189 2679 1274 2752; x_wconf 91' lang='lat' dir='ltr'>inter</span> <span class='ocrx_word' id='word_1_192' title='bbox 1295 2680 1488 2779; x_wconf 82' lang='lat' dir='ltr'>prenitentes</span> <span class='ocrx_word' id='word_1_193' title='bbox 1519 2679 1707 2763; x_wconf 87' lang='lat' dir='ltr'>consistere,</span> <span class='ocrx_word' id='word_1_194' title='bbox 1730 2678 1826 2750; x_wconf 91' lang='lat' dir='ltr'>duos-</span> 
     </span>
     <span class='ocr_line' id='line_1_19' title="bbox 254 2799 1825 2905; baseline -0.005 -27"><span class='ocrx_word' id='word_1_195' title='bbox 254 2834 319 2905; x_wconf 89' lang='lat' dir='ltr'>que</span> <span class='ocrx_word' id='word_1_196' title='bbox 344 2805 424 2878; x_wconf 90' lang='lat' dir='ltr'>alios</span> <span class='ocrx_word' id='word_1_197' title='bbox 449 2831 551 2876; x_wconf 91' lang='lat' dir='ltr'>annos</span> <span class='ocrx_word' id='word_1_198' title='bbox 573 2803 711 2876; x_wconf 87' lang='lat' dir='ltr'>orationi</span> <span class='ocrx_word' id='word_1_199' title='bbox 734 2803 942 2902; x_wconf 89' lang='lat' dir='ltr'>participare,</span> <span class='ocrx_word' id='word_1_200' title='bbox 968 2802 1050 2901; x_wconf 90' lang='lat' dir='ltr'>quin</span> <span class='ocrx_word' id='word_1_201' title='bbox 1076 2801 1235 2873; x_wconf 90' lang='lat' dir='ltr'>oblationi</span> <span class='ocrx_word' id='word_1_202' title='bbox 1260 2799 1423 2882; x_wconf 88' lang='lat' dir='ltr'>intersint,</span> <span class='ocrx_word' id='word_1_203' title='bbox 1442 2812 1541 2899; x_wconf 90' lang='lat' dir='ltr'>atque</span> <span class='ocrx_word' id='word_1_204' title='bbox 1560 2799 1604 2870; x_wconf 88' lang='lat' dir='ltr'>ita</span> <span class='ocrx_word' id='word_1_205' title='bbox 1628 2799 1670 2871; x_wconf 89' lang='lat' dir='ltr'>ad</span> <span class='ocrx_word' id='word_1_206' title='bbox 1687 2799 1722 2871; x_wconf 92' lang='lat' dir='ltr'>id</span> <span class='ocrx_word' id='word_1_207' title='bbox 1737 2799 1825 2899; x_wconf 93' lang='lat' dir='ltr'>quod</span> 
     </span>
     <span class='ocr_line' id='line_1_20' title="bbox 254 2918 1825 3026; baseline -0.004 -28"><span class='ocrx_word' id='word_1_208' title='bbox 254 2926 431 3026; x_wconf 89' lang='lat' dir='ltr'>perlectum</span> <span class='ocrx_word' id='word_1_209' title='bbox 457 2937 519 3008; x_wconf 88' lang='lat' dir='ltr'>est,</span> <span class='ocrx_word' id='word_1_210' title='bbox 539 2924 632 2996; x_wconf 90' lang='lat' dir='ltr'>annis</span> <span class='ocrx_word' id='word_1_211' title='bbox 654 2951 706 2996; x_wconf 83' lang='lat' dir='ltr'>sex</span> <span class='ocrx_word' id='word_1_212' title='bbox 731 2923 864 3024; x_wconf 78' lang='lat' dir='ltr'>elapsio,</span> <span class='ocrx_word' id='word_1_213' title='bbox 883 2921 1020 2995; x_wconf 88' lang='lat' dir='ltr'>admitti.</span> <span class='ocrx_word' id='word_1_214' title='bbox 1036 2921 1133 3006; x_wconf 84' lang='lat' dir='ltr'>Quod</span> <span class='ocrx_word' id='word_1_215' title='bbox 1148 2922 1178 2993; x_wconf 90' lang='lat' dir='ltr'>si</span> <span class='ocrx_word' id='word_1_216' title='bbox 1196 2921 1345 3022; x_wconf 88' lang='lat' dir='ltr'>qnidam,</span> <span class='ocrx_word' id='word_1_217' title='bbox 1362 2933 1436 2992; x_wconf 90' lang='lat' dir='ltr'>ante</span> <span class='ocrx_word' id='word_1_218' title='bbox 1455 2918 1639 3019; x_wconf 75' lang='lat' dir='ltr'>Synodum,</span> <span class='ocrx_word' id='word_1_219' title='bbox 1659 2919 1700 2991; x_wconf 91' lang='lat' dir='ltr'>ad</span> <span class='ocrx_word' id='word_1_220' title='bbox 1723 2919 1825 3019; x_wconf 88' lang='lat' dir='ltr'>poeni-</span> 
     </span>
     <span class='ocr_line' id='line_1_21' title="bbox 255 3039 1825 3144; baseline -0.005 -26"><span class='ocrx_word' id='word_1_221' title='bbox 255 3047 388 3118; x_wconf 89' lang='lat' dir='ltr'>tentiam</span> <span class='ocrx_word' id='word_1_222' title='bbox 405 3044 537 3118; x_wconf 88' lang='lat' dir='ltr'>admissi</span> <span class='ocrx_word' id='word_1_223' title='bbox 562 3058 653 3130; x_wconf 90' lang='lat' dir='ltr'>sunt,</span> <span class='ocrx_word' id='word_1_224' title='bbox 678 3045 720 3118; x_wconf 90' lang='lat' dir='ltr'>ab</span> <span class='ocrx_word' id='word_1_225' title='bbox 746 3045 808 3118; x_wconf 94' lang='lat' dir='ltr'>boc</span> <span class='ocrx_word' id='word_1_226' title='bbox 834 3059 979 3144; x_wconf 91' lang='lat' dir='ltr'>tempore</span> <span class='ocrx_word' id='word_1_227' title='bbox 1005 3043 1149 3118; x_wconf 81' lang='lat' dir='ltr'>sexennii</span> <span class='ocrx_word' id='word_1_228' title='bbox 1171 3041 1352 3143; x_wconf 88' lang='lat' dir='ltr'>computari</span> <span class='ocrx_word' id='word_1_229' title='bbox 1378 3041 1507 3114; x_wconf 89' lang='lat' dir='ltr'>initium</span> <span class='ocrx_word' id='word_1_230' title='bbox 1532 3053 1668 3140; x_wconf 88' lang='lat' dir='ltr'>oportet.</span> <span class='ocrx_word' id='word_1_231' title='bbox 1692 3039 1728 3112; x_wconf 88' lang='lat' dir='ltr'>Si</span> <span class='ocrx_word' id='word_1_232' title='bbox 1753 3040 1825 3140; x_wconf 91' lang='lat' dir='ltr'>quis</span> 
     </span>
     <span class='ocr_line' id='line_1_22' title="bbox 254 3159 1826 3265; baseline -0.004 -26"><span class='ocrx_word' id='word_1_233' title='bbox 254 3181 362 3239; x_wconf 90' lang='lat' dir='ltr'>autem</span> <span class='ocrx_word' id='word_1_234' title='bbox 386 3167 418 3238; x_wconf 91' lang='lat' dir='ltr'>in</span> <span class='ocrx_word' id='word_1_235' title='bbox 442 3165 623 3265; x_wconf 90' lang='lat' dir='ltr'>periculum</span> <span class='ocrx_word' id='word_1_236' title='bbox 647 3165 812 3264; x_wconf 91' lang='lat' dir='ltr'>quoddam</span> <span class='ocrx_word' id='word_1_237' title='bbox 836 3165 1013 3265; x_wconf 85' lang='lat' dir='ltr'>mortisque</span> <span class='ocrx_word' id='word_1_238' title='bbox 1039 3163 1291 3264; x_wconf 83' lang='lat' dir='ltr'>expectationem</span> <span class='ocrx_word' id='word_1_239' title='bbox 1315 3189 1351 3234; x_wconf 86' lang='lat' dir='ltr'>er</span> <span class='ocrx_word' id='word_1_240' title='bbox 1368 3161 1481 3234; x_wconf 93' lang='lat' dir='ltr'>morbo</span> <span class='ocrx_word' id='word_1_241' title='bbox 1506 3159 1607 3233; x_wconf 89' lang='lat' dir='ltr'>aliave</span> <span class='ocrx_word' id='word_1_242' title='bbox 1630 3187 1724 3233; x_wconf 89' lang='lat' dir='ltr'>causa</span> <span class='ocrx_word' id='word_1_243' title='bbox 1742 3161 1826 3234; x_wconf 90' lang='lat' dir='ltr'>inci-</span> 
     </span>
     <span class='ocr_line' id='line_1_23' title="bbox 254 3271 1141 3387; baseline -0.002 -29"><span class='ocrx_word' id='word_1_244' title='bbox 254 3287 317 3371; x_wconf 88' lang='lat' dir='ltr'>dit,</span> <span class='ocrx_word' id='word_1_245' title='bbox 333 3271 507 3387; x_wconf 87' lang='lat' dir='ltr'>recipiatur</span> <span class='ocrx_word' id='word_1_246' title='bbox 520 3288 611 3386; x_wconf 87' lang='lat' dir='ltr'>juxta</span> <span class='ocrx_word' id='word_1_247' title='bbox 628 3286 792 3360; x_wconf 90' lang='lat' dir='ltr'>decretum</span> <span class='ocrx_word' id='word_1_248' title='bbox 807 3313 936 3360; x_wconf 72' lang='lat' dir='ltr'>necasse</span> <span class='ocrx_word' id='word_1_249' title='bbox 954 3299 1012 3358; x_wconf 90' lang='lat' dir='ltr'>est.</span> <span class='ocrx_word' id='word_1_250' title='bbox 1029 3281 1141 3386; x_wconf 73' lang='lat'><strong>(218)</strong></span> 
     </span>
    </p>
   </div>
   <div class='ocr_carea' id='block_1_4' title="bbox 252 3492 1824 4083">
    <p class='ocr_par' dir='ltr' id='par_1_4' title="bbox 252 3492 1824 4083">
     <span class='ocr_line' id='line_1_24' title="bbox 305 3492 1824 3600; baseline -0.004 -28"><span class='ocrx_word' id='word_1_251' title='bbox 305 3499 357 3572; x_wconf 92' lang='lat' dir='ltr'>Vl.</span> <span class='ocrx_word' id='word_1_252' title='bbox 387 3497 432 3571; x_wconf 87' lang='lat' dir='ltr'>De</span> <span class='ocrx_word' id='word_1_253' title='bbox 449 3498 589 3600; x_wconf 76' lang='lat' dir='ltr'>illisqui,</span> <span class='ocrx_word' id='word_1_254' title='bbox 609 3499 640 3570; x_wconf 88' lang='lat' dir='ltr'>in</span> <span class='ocrx_word' id='word_1_255' title='bbox 657 3497 848 3600; x_wconf 74' lang='lat' dir='ltr'>diebmsmtir</span> <span class='ocrx_word' id='word_1_256' title='bbox 865 3497 1059 3582; x_wconf 68' lang='lat' dir='ltr'>ethnicorum,</span> <span class='ocrx_word' id='word_1_257' title='bbox 1078 3524 1144 3568; x_wconf 87' lang='lat' dir='ltr'>cum</span> <span class='ocrx_word' id='word_1_258' title='bbox 1159 3495 1278 3567; x_wconf 70' lang='lat' dir='ltr'>ethnicis</span> <span class='ocrx_word' id='word_1_259' title='bbox 1294 3492 1489 3566; x_wconf 82' lang='lat' dir='ltr'>comederunt.</span> <span class='ocrx_word' id='word_1_260' title='bbox 1510 3537 1562 3548; x_wconf 94' lang='grc'>-</span> <span class='ocrx_word' id='word_1_261' title='bbox 1582 3492 1693 3566; x_wconf 88' lang='lat' dir='ltr'>Relate</span> <span class='ocrx_word' id='word_1_262' title='bbox 1711 3492 1752 3564; x_wconf 92' lang='lat' dir='ltr'>ad</span> <span class='ocrx_word' id='word_1_263' title='bbox 1769 3521 1824 3566; x_wconf 89' lang='lat' dir='ltr'>eos</span> 
     </span>
     <span class='ocr_line' id='line_1_25' title="bbox 254 3613 1823 3721; baseline -0.004 -28"><span class='ocrx_word' id='word_1_264' title='bbox 254 3620 312 3721; x_wconf 91' lang='lat' dir='ltr'>qui</span> <span class='ocrx_word' id='word_1_265' title='bbox 330 3619 505 3693; x_wconf 89' lang='lat' dir='ltr'>comedunt</span> <span class='ocrx_word' id='word_1_266' title='bbox 531 3619 565 3692; x_wconf 93' lang='lat' dir='ltr'>in</span> <span class='ocrx_word' id='word_1_267' title='bbox 590 3619 667 3692; x_wconf 91' lang='lat' dir='ltr'>locis</span> <span class='ocrx_word' id='word_1_268' title='bbox 687 3619 823 3691; x_wconf 89' lang='lat' dir='ltr'>ethnicis</span> <span class='ocrx_word' id='word_1_269' title='bbox 847 3619 1030 3702; x_wconf 82' lang='lat' dir='ltr'>reservatis,</span> <span class='ocrx_word' id='word_1_270' title='bbox 1054 3617 1133 3690; x_wconf 91' lang='lat' dir='ltr'>dum</span> <span class='ocrx_word' id='word_1_271' title='bbox 1156 3617 1276 3690; x_wconf 85' lang='lat' dir='ltr'>ethnici</span> <span class='ocrx_word' id='word_1_272' title='bbox 1292 3615 1411 3687; x_wconf 85' lang='lat' dir='ltr'>festum</span> <span class='ocrx_word' id='word_1_273' title='bbox 1433 3614 1613 3700; x_wconf 89' lang='lat' dir='ltr'>celebrant,</span> <span class='ocrx_word' id='word_1_274' title='bbox 1638 3613 1714 3687; x_wconf 91' lang='lat' dir='ltr'>licet</span> <span class='ocrx_word' id='word_1_275' title='bbox 1737 3641 1823 3686; x_wconf 89' lang='lat' dir='ltr'>escas</span> 
     </span>
     <span class='ocr_line' id='line_1_26' title="bbox 252 3735 1822 3840; baseline -0.004 -28"><span class='ocrx_word' id='word_1_276' title='bbox 252 3768 363 3814; x_wconf 89' lang='lat' dir='ltr'>secum</span> <span class='ocrx_word' id='word_1_277' title='bbox 388 3739 502 3812; x_wconf 90' lang='lat' dir='ltr'>allatas</span> <span class='ocrx_word' id='word_1_278' title='bbox 526 3740 808 3824; x_wconf 85' lang='lat' dir='ltr'>manducaverint,</span> <span class='ocrx_word' id='word_1_279' title='bbox 836 3739 960 3840; x_wconf 90' lang='lat' dir='ltr'>placuit</span> <span class='ocrx_word' id='word_1_280' title='bbox 987 3738 1136 3838; x_wconf 72' lang='lat' dir='ltr'>Synodo,</span> <span class='ocrx_word' id='word_1_281' title='bbox 1165 3751 1219 3821; x_wconf 88' lang='lat' dir='ltr'>ut,</span> <span class='ocrx_word' id='word_1_282' title='bbox 1246 3735 1375 3808; x_wconf 88' lang='lat' dir='ltr'>duobus</span> <span class='ocrx_word' id='word_1_283' title='bbox 1396 3735 1491 3808; x_wconf 90' lang='lat' dir='ltr'>annis</span> <span class='ocrx_word' id='word_1_284' title='bbox 1519 3736 1603 3808; x_wconf 91' lang='lat' dir='ltr'>inter</span> <span class='ocrx_word' id='word_1_285' title='bbox 1631 3736 1822 3835; x_wconf 80' lang='lat' dir='ltr'>paenitentes</span> 
     </span>
     <span class='ocr_line' id='line_1_27' title="bbox 252 3855 1823 3961; baseline -0.005 -27"><span class='ocrx_word' id='word_1_286' title='bbox 252 3862 383 3945; x_wconf 84' lang='lat' dir='ltr'>exactis,</span> <span class='ocrx_word' id='word_1_287' title='bbox 402 3861 538 3946; x_wconf 89' lang='lat' dir='ltr'>deinde,</span> <span class='ocrx_word' id='word_1_288' title='bbox 555 3862 582 3932; x_wconf 92' lang='lat' dir='ltr'>si</span> <span class='ocrx_word' id='word_1_289' title='bbox 599 3875 820 3961; x_wconf 85' lang='lat' dir='ltr'>opportunum</span> <span class='ocrx_word' id='word_1_290' title='bbox 835 3861 937 3932; x_wconf 87' lang='lat' dir='ltr'>risum</span> <span class='ocrx_word' id='word_1_291' title='bbox 950 3860 1063 3944; x_wconf 88' lang='lat' dir='ltr'>luerit,</span> <span class='ocrx_word' id='word_1_292' title='bbox 1079 3858 1118 3931; x_wconf 90' lang='lat' dir='ltr'>ad</span> <span class='ocrx_word' id='word_1_293' title='bbox 1138 3858 1335 3931; x_wconf 89' lang='lat' dir='ltr'>oblationem</span> <span class='ocrx_word' id='word_1_294' title='bbox 1356 3856 1579 3928; x_wconf 88' lang='lat' dir='ltr'>admittantur.</span> <span class='ocrx_word' id='word_1_295' title='bbox 1595 3855 1823 3956; x_wconf 90' lang='lat' dir='ltr'>Unusquisque</span> 
     </span>
     <span class='ocr_line' id='line_1_28' title="bbox 253 3975 1768 4083; baseline -0.006 -27"><span class='ocrx_word' id='word_1_296' title='bbox 253 3981 477 4083; x_wconf 90' lang='lat' dir='ltr'>episcoporum</span> <span class='ocrx_word' id='word_1_297' title='bbox 494 3981 667 4082; x_wconf 88' lang='lat' dir='ltr'>disquiret,</span> <span class='ocrx_word' id='word_1_298' title='bbox 684 3997 716 4054; x_wconf 91' lang='lat' dir='ltr'>et</span> <span class='ocrx_word' id='word_1_299' title='bbox 733 3979 924 4080; x_wconf 84' lang='lat' dir='ltr'>dijudicabit</span> <span class='ocrx_word' id='word_1_300' title='bbox 942 3981 1106 4083; x_wconf 92' lang='lat' dir='ltr'>quomodo</span> <span class='ocrx_word' id='word_1_301' title='bbox 1122 3980 1155 4051; x_wconf 91' lang='lat' dir='ltr'>in</span> <span class='ocrx_word' id='word_1_302' title='bbox 1173 3979 1427 4077; x_wconf 88' lang='lat' dir='ltr'>uniuscujusque</span> <span class='ocrx_word' id='word_1_303' title='bbox 1445 4003 1520 4049; x_wconf 86' lang='lat' dir='ltr'>casu</span> <span class='ocrx_word' id='word_1_304' title='bbox 1539 3977 1580 4048; x_wconf 89' lang='lat' dir='ltr'>sit</span> <span class='ocrx_word' id='word_1_305' title='bbox 1594 3975 1768 4074; x_wconf 81' lang='lat' dir='ltr'>agendum.</span> 
     </span>
    </p>
   </div>
   <div class='ocr_carea' id='block_1_5' title="bbox 253 4181 1819 4533">
    <p class='ocr_par' dir='ltr' id='par_1_5' title="bbox 253 4181 1819 4533">
     <span class='ocr_line' id='line_1_29' title="bbox 302 4181 1819 4288; baseline -0.006 -27"><span class='ocrx_word' id='word_1_306' title='bbox 302 4189 372 4261; x_wconf 82' lang='lat' dir='ltr'>vlt.</span> <span class='ocrx_word' id='word_1_307' title='bbox 404 4189 448 4260; x_wconf 85' lang='lat' dir='ltr'>De</span> <span class='ocrx_word' id='word_1_308' title='bbox 473 4189 532 4260; x_wconf 81' lang='lat' dir='ltr'>illia</span> <span class='ocrx_word' id='word_1_309' title='bbox 553 4189 607 4288; x_wconf 85' lang='lat' dir='ltr'>qni</span> <span class='ocrx_word' id='word_1_310' title='bbox 622 4188 738 4288; x_wconf 80' lang='lat' dir='ltr'>pluries</span> <span class='ocrx_word' id='word_1_311' title='bbox 760 4188 976 4287; x_wconf 66' lang='lat' dir='ltr'>smmsscarunt.</span> <span class='ocrx_word' id='word_1_312' title='bbox 1002 4232 1054 4243; x_wconf 93' lang='lat'><strong>—</strong></span> <span class='ocrx_word' id='word_1_313' title='bbox 1079 4186 1143 4269; x_wconf 85' lang='lat' dir='ltr'>Oui</span> <span class='ocrx_word' id='word_1_314' title='bbox 1169 4185 1219 4258; x_wconf 91' lang='lat' dir='ltr'>bis</span> <span class='ocrx_word' id='word_1_315' title='bbox 1244 4185 1292 4258; x_wconf 87' lang='lat' dir='ltr'>vel</span> <span class='ocrx_word' id='word_1_316' title='bbox 1319 4199 1367 4257; x_wconf 89' lang='lat' dir='ltr'>ter</span> <span class='ocrx_word' id='word_1_317' title='bbox 1390 4183 1653 4267; x_wconf 80' lang='lat' dir='ltr'>sacrificaverint,</span> <span class='ocrx_word' id='word_1_318' title='bbox 1671 4181 1819 4256; x_wconf 88' lang='lat' dir='ltr'>violentia</span> 
     </span>
     <span class='ocr_line' id='line_1_30' title="bbox 253 4301 1819 4410; baseline -0.006 -27"><span class='ocrx_word' id='word_1_319' title='bbox 253 4310 428 4410; x_wconf 84' lang='lat' dir='ltr'>compulsi,</span> <span class='ocrx_word' id='word_1_320' title='bbox 452 4323 593 4410; x_wconf 90' lang='lat' dir='ltr'>quatuor</span> <span class='ocrx_word' id='word_1_321' title='bbox 617 4335 719 4382; x_wconf 90' lang='lat' dir='ltr'>annos</span> <span class='ocrx_word' id='word_1_322' title='bbox 749 4324 847 4406; x_wconf 82' lang='lat' dir='ltr'>agant</span> <span class='ocrx_word' id='word_1_323' title='bbox 869 4310 954 4382; x_wconf 88' lang='lat' dir='ltr'>inter</span> <span class='ocrx_word' id='word_1_324' title='bbox 981 4307 1188 4409; x_wconf 83' lang='lat' dir='ltr'>prenitentes,</span> <span class='ocrx_word' id='word_1_325' title='bbox 1213 4306 1406 4407; x_wconf 89' lang='lat' dir='ltr'>duobusque</span> <span class='ocrx_word' id='word_1_326' title='bbox 1428 4305 1545 4380; x_wconf 91' lang='lat' dir='ltr'>iterum</span> <span class='ocrx_word' id='word_1_327' title='bbox 1568 4303 1662 4377; x_wconf 88' lang='lat' dir='ltr'>annis</span> <span class='ocrx_word' id='word_1_328' title='bbox 1684 4301 1819 4376; x_wconf 88' lang='lat' dir='ltr'>orationi</span> 
     </span>
     <span class='ocr_line' id='line_1_31' title="bbox 253 4425 1632 4533; baseline -0.006 -29"><span class='ocrx_word' id='word_1_329' title='bbox 253 4431 417 4516; x_wconf 87' lang='lat' dir='ltr'>intersint,</span> <span class='ocrx_word' id='word_1_330' title='bbox 437 4445 627 4532; x_wconf 84' lang='lat' dir='ltr'>nannetem</span> <span class='ocrx_word' id='word_1_331' title='bbox 647 4429 819 4517; x_wconf 89' lang='lat' dir='ltr'>oblationi,</span> <span class='ocrx_word' id='word_1_332' title='bbox 836 4430 1038 4533; x_wconf 89' lang='lat' dir='ltr'>septimoque</span> <span class='ocrx_word' id='word_1_333' title='bbox 1056 4457 1143 4502; x_wconf 92' lang='lat' dir='ltr'>anno</span> <span class='ocrx_word' id='word_1_334' title='bbox 1161 4429 1295 4501; x_wconf 88' lang='lat' dir='ltr'>demam</span> <span class='ocrx_word' id='word_1_335' title='bbox 1312 4427 1409 4529; x_wconf 90' lang='lat' dir='ltr'>plene</span> <span class='ocrx_word' id='word_1_336' title='bbox 1425 4425 1632 4526; x_wconf 89' lang='lat' dir='ltr'>recipiantur.</span> 
     </span>
    </p>
   </div>
   <div class='ocr_carea' id='block_1_6' title="bbox 249 4635 1821 4864">
    <p class='ocr_par' dir='ltr' id='par_1_6' title="bbox 249 4635 1821 4864">
     <span class='ocr_line' id='line_1_32' title="bbox 303 4635 1821 4743; baseline -0.004 -29"><span class='ocrx_word' id='word_1_337' title='bbox 303 4644 386 4716; x_wconf 89' lang='lat' dir='ltr'>Vlll.</span> <span class='ocrx_word' id='word_1_338' title='bbox 415 4643 461 4716; x_wconf 72' lang='lat' dir='ltr'>Ite</span> <span class='ocrx_word' id='word_1_339' title='bbox 482 4643 616 4743; x_wconf 81' lang='lat' dir='ltr'>illisqui</span> <span class='ocrx_word' id='word_1_340' title='bbox 638 4643 705 4714; x_wconf 77' lang='lat' dir='ltr'>aliis</span> <span class='ocrx_word' id='word_1_341' title='bbox 726 4643 914 4743; x_wconf 64' lang='lat' dir='ltr'>somffirondi</span> <span class='ocrx_word' id='word_1_342' title='bbox 934 4671 1025 4716; x_wconf 82' lang='lat' dir='ltr'>causa</span> <span class='ocrx_word' id='word_1_343' title='bbox 1048 4641 1232 4714; x_wconf 73' lang='lat' dir='ltr'>moriemur.</span> <span class='ocrx_word' id='word_1_344' title='bbox 1255 4684 1305 4696; x_wconf 90' lang='lat'>-</span> <span class='ocrx_word' id='word_1_345' title='bbox 1328 4640 1449 4714; x_wconf 88' lang='lat' dir='ltr'>Omnes</span> <span class='ocrx_word' id='word_1_346' title='bbox 1470 4638 1518 4712; x_wconf 92' lang='lat' dir='ltr'>illi</span> <span class='ocrx_word' id='word_1_347' title='bbox 1541 4637 1614 4737; x_wconf 92' lang='lat' dir='ltr'>qui,</span> <span class='ocrx_word' id='word_1_348' title='bbox 1634 4663 1698 4709; x_wconf 91' lang='lat' dir='ltr'>non</span> <span class='ocrx_word' id='word_1_349' title='bbox 1716 4635 1821 4708; x_wconf 90' lang='lat' dir='ltr'>solum</span> 
     </span>
     <span class='ocr_line' id='line_1_33' title="bbox 249 4757 1821 4864; baseline -0.007 -25"><span class='ocrx_word' id='word_1_350' title='bbox 249 4779 415 4850; x_wconf 89' lang='lat' dir='ltr'>errarunt,</span> <span class='ocrx_word' id='word_1_351' title='bbox 432 4765 489 4836; x_wconf 90' lang='lat' dir='ltr'>scd</span> <span class='ocrx_word' id='word_1_352' title='bbox 502 4764 604 4864; x_wconf 90' lang='lat' dir='ltr'>quiin</span> <span class='ocrx_word' id='word_1_353' title='bbox 620 4776 750 4836; x_wconf 77' lang='lat' dir='ltr'>ceteros</span> <span class='ocrx_word' id='word_1_354' title='bbox 767 4765 882 4838; x_wconf 82' lang='lat' dir='ltr'>fratres</span> <span class='ocrx_word' id='word_1_355' title='bbox 899 4765 1102 4863; x_wconf 80' lang='lat' dir='ltr'>insurgentes</span> <span class='ocrx_word' id='word_1_356' title='bbox 1118 4762 1183 4834; x_wconf 92' lang='lat' dir='ltr'>illis</span> <span class='ocrx_word' id='word_1_357' title='bbox 1198 4761 1262 4834; x_wconf 86' lang='lat' dir='ltr'>vim</span> <span class='ocrx_word' id='word_1_358' title='bbox 1284 4761 1330 4833; x_wconf 87' lang='lat' dir='ltr'>rel</span> <span class='ocrx_word' id='word_1_359' title='bbox 1355 4759 1537 4833; x_wconf 88' lang='lat' dir='ltr'>intulerunt</span> <span class='ocrx_word' id='word_1_360' title='bbox 1559 4757 1606 4832; x_wconf 88' lang='lat' dir='ltr'>rel</span> <span class='ocrx_word' id='word_1_361' title='bbox 1625 4771 1661 4830; x_wconf 89' lang='lat' dir='ltr'>ut</span> <span class='ocrx_word' id='word_1_362' title='bbox 1682 4757 1746 4829; x_wconf 91' lang='lat' dir='ltr'>illis</span> <span class='ocrx_word' id='word_1_363' title='bbox 1769 4758 1821 4829; x_wconf 90' lang='lat' dir='ltr'>in-</span> 
     </span>
    </p>
   </div>
   <div class='ocr_carea' id='block_1_7' title="bbox 250 4987 1821 5349">
    <p class='ocr_par' dir='ltr' id='par_1_7' title="bbox 250 4987 1821 5349">
     <span class='ocr_line' id='line_1_34' title="bbox 290 4987 1820 5072; baseline -0.007 -20"><span class='ocrx_word' id='word_1_364' title='bbox 290 5003 296 5032; x_wconf 94' lang='lat'><strong>¹</strong></span> <span class='ocrx_word' id='word_1_365' title='bbox 316 4998 375 5060; x_wconf 88' lang='lat' dir='ltr'>Hic,</span> <span class='ocrx_word' id='word_1_366' title='bbox 389 5017 445 5072; x_wconf 80' lang='lat' dir='ltr'>quae</span> <span class='ocrx_word' id='word_1_367' title='bbox 456 5003 596 5072; x_wconf 86' lang='lat' dir='ltr'>sequnntur</span> <span class='ocrx_word' id='word_1_368' title='bbox 607 4997 682 5052; x_wconf 83' lang='lat' dir='ltr'>alium</span> <span class='ocrx_word' id='word_1_369' title='bbox 701 4997 854 5052; x_wconf 86' lang='lat' dir='ltr'>constituunt</span> <span class='ocrx_word' id='word_1_370' title='bbox 867 5015 998 5058; x_wconf 66' lang='lat' dir='ltr'>mnam,</span> <span class='ocrx_word' id='word_1_371' title='bbox 1072 4994 1155 5067; x_wconf 75' lang='lat' dir='ltr'>ficium</span> <span class='ocrx_word' id='word_1_372' title='bbox 1166 4995 1258 5058; x_wconf 72' lang='lat' dir='ltr'>mbae,</span> <span class='ocrx_word' id='word_1_373' title='bbox 1272 5001 1317 5047; x_wconf 82' lang='lat' dir='ltr'>aut</span> <span class='ocrx_word' id='word_1_374' title='bbox 1330 5011 1402 5046; x_wconf 78' lang='lat' dir='ltr'>sacro</span> <span class='ocrx_word' id='word_1_375' title='bbox 1414 4991 1569 5064; x_wconf 67' lang='lat' dir='ltr'>participatio</span> <span class='ocrx_word' id='word_1_376' title='bbox 1581 4987 1741 5044; x_wconf 72' lang='lat' dir='ltr'>Eucharistiae</span> <span class='ocrx_word' id='word_1_377' title='bbox 1752 5006 1820 5042; x_wconf 82' lang='lat' dir='ltr'>rora-</span> 
     </span>
     <span class='ocr_line' id='line_1_35' title="bbox 250 5081 1821 5166; baseline -0.007 -20"><span class='ocrx_word' id='word_1_378' title='bbox 250 5091 278 5156; x_wconf 86' lang='lat' dir='ltr'>in</span> <span class='ocrx_word' id='word_1_379' title='bbox 288 5091 396 5146; x_wconf 88' lang='lat' dir='ltr'>editione</span> <span class='ocrx_word' id='word_1_380' title='bbox 409 5108 502 5166; x_wconf 63' lang='lat' dir='ltr'>greca,</span> <span class='ocrx_word' id='word_1_381' title='bbox 512 5097 538 5144; x_wconf 85' lang='lat' dir='ltr'>et</span> <span class='ocrx_word' id='word_1_382' title='bbox 549 5091 584 5146; x_wconf 85' lang='lat' dir='ltr'>sic</span> <span class='ocrx_word' id='word_1_383' title='bbox 595 5091 733 5163; x_wconf 88' lang='lat' dir='ltr'>completur</span> <span class='ocrx_word' id='word_1_384' title='bbox 746 5109 867 5144; x_wconf 88' lang='lat' dir='ltr'>numerus</span> <span class='ocrx_word' id='word_1_385' title='bbox 881 5089 944 5144; x_wconf 81' lang='lat' dir='ltr'>XXV</span> <span class='ocrx_word' id='word_1_386' title='bbox 955 5107 999 5143; x_wconf 83' lang='lat' dir='ltr'>ca-</span> <span class='ocrx_word' id='word_1_387' title='bbox 1074 5096 1124 5142; x_wconf 92' lang='lat' dir='ltr'>tur.</span> <span class='ocrx_word' id='word_1_388' title='bbox 1138 5119 1177 5129; x_wconf 92' lang='lat'><em>-</em></span> <span class='ocrx_word' id='word_1_389' title='bbox 1193 5091 1203 5122; x_wconf 83' lang='lat'>³</span> <span class='ocrx_word' id='word_1_390' title='bbox 1223 5085 1253 5142; x_wconf 92' lang='lat' dir='ltr'>ld</span> <span class='ocrx_word' id='word_1_391' title='bbox 1267 5093 1317 5150; x_wconf 84' lang='lat' dir='ltr'>est,</span> <span class='ocrx_word' id='word_1_392' title='bbox 1335 5104 1415 5158; x_wconf 77' lang='lat' dir='ltr'>usqne</span> <span class='ocrx_word' id='word_1_393' title='bbox 1436 5083 1468 5138; x_wconf 89' lang='lat' dir='ltr'>ad</span> <span class='ocrx_word' id='word_1_394' title='bbox 1481 5085 1545 5138; x_wconf 80' lang='lat' dir='ltr'>diam</span> <span class='ocrx_word' id='word_1_395' title='bbox 1560 5081 1674 5148; x_wconf 71' lang='lat' dir='ltr'>Parcite,</span> <span class='ocrx_word' id='word_1_396' title='bbox 1685 5091 1714 5137; x_wconf 86' lang='lat' dir='ltr'>ut</span> <span class='ocrx_word' id='word_1_397' title='bbox 1734 5081 1821 5136; x_wconf 81' lang='lat' dir='ltr'>binius</span> 
     </span>
     <span class='ocr_line' id='line_1_36' title="bbox 251 5173 1821 5240; baseline -0.008 -2"><span class='ocrx_word' id='word_1_398' title='bbox 251 5201 354 5238; x_wconf 85' lang='lat' dir='ltr'>nonum.</span> <span class='ocrx_word' id='word_1_399' title='bbox 373 5183 415 5239; x_wconf 82' lang='lat' dir='ltr'>cn</span> <span class='ocrx_word' id='word_1_400' title='bbox 429 5183 451 5239; x_wconf 84' lang='lat' dir='ltr'>l.</span> <span class='ocrx_word' id='word_1_401' title='bbox 468 5185 497 5240; x_wconf 83' lang='lat' dir='ltr'>B.</span> <span class='ocrx_word' id='word_1_402' title='bbox 514 5183 582 5238; x_wconf 68' lang='lat' dir='ltr'>Pius</span> <span class='ocrx_word' id='word_1_403' title='bbox 599 5181 666 5238; x_wconf 72' lang='lat' dir='ltr'>tort·</span> <span class='ocrx_word' id='word_1_404' title='bbox 679 5203 726 5238; x_wconf 79' lang='lat' dir='ltr'>ccc.</span> <span class='ocrx_word' id='word_1_405' title='bbox 747 5183 885 5237; x_wconf 74' lang='lat' dir='ltr'>Graecorum</span> <span class='ocrx_word' id='word_1_406' title='bbox 901 5181 957 5236; x_wconf 74' lang='lat' dir='ltr'>tur.</span> <span class='ocrx_word' id='word_1_407' title='bbox 976 5193 998 5237; x_wconf 85' lang='lat' dir='ltr'>ct</span> <span class='ocrx_word' id='word_1_408' title='bbox 1072 5180 1247 5236; x_wconf 78' lang='lat' dir='ltr'>animaduertit</span> <span class='ocrx_word' id='word_1_409' title='bbox 1266 5180 1292 5233; x_wconf 93' lang='lat' dir='ltr'>in</span> <span class='ocrx_word' id='word_1_410' title='bbox 1315 5177 1518 5234; x_wconf 84' lang='lat' dir='ltr'>annotationibus</span> <span class='ocrx_word' id='word_1_411' title='bbox 1537 5175 1570 5230; x_wconf 90' lang='lat' dir='ltr'>ad</span> <span class='ocrx_word' id='word_1_412' title='bbox 1588 5176 1656 5232; x_wconf 84' lang='lat' dir='ltr'>bunc</span> <span class='ocrx_word' id='word_1_413' title='bbox 1674 5175 1763 5230; x_wconf 86' lang='lat' dir='ltr'>locum.</span> <span class='ocrx_word' id='word_1_414' title='bbox 1774 5173 1821 5228; x_wconf 80' lang='lat' dir='ltr'>cn</span> 
     </span>
     <span class='ocr_line' id='line_1_37' title="bbox 250 5263 1666 5349; baseline -0.006 -19"><span class='ocrx_word' id='word_1_415' title='bbox 250 5283 353 5332; x_wconf 76' lang='lat' dir='ltr'>monum.</span> <span class='ocrx_word' id='word_1_416' title='bbox 363 5263 388 5338; x_wconf 87' lang='lat' dir='ltr'>l,</span> <span class='ocrx_word' id='word_1_417' title='bbox 406 5279 473 5347; x_wconf 66' lang='lat' dir='ltr'>tuq,</span> <span class='ocrx_word' id='word_1_418' title='bbox 485 5284 570 5330; x_wconf 85' lang='lat' dir='ltr'>annot.</span> <span class='ocrx_word' id='word_1_419' title='bbox 584 5277 610 5330; x_wconf 82' lang='lat'>3.</span> <span class='ocrx_word' id='word_1_420' title='bbox 620 5280 678 5316; x_wconf 72' lang='lat'>—2</span> <span class='ocrx_word' id='word_1_421' title='bbox 697 5277 734 5330; x_wconf 87' lang='lat' dir='ltr'>lta</span> <span class='ocrx_word' id='word_1_422' title='bbox 747 5275 854 5349; x_wconf 84' lang='lat' dir='ltr'>ubique,</span> <span class='ocrx_word' id='word_1_423' title='bbox 865 5283 909 5332; x_wconf 87' lang='lat' dir='ltr'>aut</span> <span class='ocrx_word' id='word_1_424' title='bbox 920 5276 998 5329; x_wconf 68' lang='grc' dir='ltr'>καί·</span> <span class='ocrx_word' id='word_1_425' title='bbox 1072 5275 1148 5329; x_wconf 82' lang='lat' dir='ltr'>etiam</span> <span class='ocrx_word' id='word_1_426' title='bbox 1158 5273 1182 5330; x_wconf 84' lang='lat' dir='ltr'>l.</span> <span class='ocrx_word' id='word_1_427' title='bbox 1195 5275 1223 5328; x_wconf 84' lang='grc' dir='ltr'>Β.</span> <span class='ocrx_word' id='word_1_428' title='bbox 1237 5273 1304 5328; x_wconf 85' lang='lat' dir='ltr'>Pitrn</span> <span class='ocrx_word' id='word_1_429' title='bbox 1317 5291 1355 5344; x_wconf 80' lang='lat' dir='ltr'>op.</span> <span class='ocrx_word' id='word_1_430' title='bbox 1369 5272 1409 5326; x_wconf 74' lang='grc' dir='ltr'>αἰ.</span> <span class='ocrx_word' id='word_1_431' title='bbox 1425 5271 1450 5333; x_wconf 86' lang='lat'>1,</span> <span class='ocrx_word' id='word_1_432' title='bbox 1466 5271 1625 5342; x_wconf 78' lang='lat' dir='ltr'>ttq,annot.</span> <span class='ocrx_word' id='word_1_433' title='bbox 1641 5269 1666 5322; x_wconf 82' lang='lat' dir='ltr'>tr.</span> 
     </span>
    </p>
   </div>
   <div class='ocr_carea' id='block_1_8' title="bbox 0 0 1994 6084">
    <p class='ocr_par' dir='ltr' id='par_1_8' title="bbox 0 0 1994 6084">
     <span class='ocr_line' id='line_1_38' title="bbox 0 0 1994 6084; baseline 0 1"><span class='ocrx_word' id='word_1_434' title='bbox 0 0 1994 6084; x_wconf 95' lang='lat' dir='ltr'> </span> 
     </span>
    </p>
   </div>
  </div>
 </body>
</html>
