4006 6098
532 525 734 618 SANCTUS
764 525 1025 594 GREGORIUS
1050 525 1428 596 THAUMATURGUS.
1694 529 1759 598 eet

192 688 275 749 esset
293 671 397 777 (hee)
418 671 586 759 salutatio,
609 674 778 748 confestim
800 675 968 774 subjungit
986 675 1138 774 angelus,
1156 675 1286 749 dicens:
1306 676 1490 749 «Dominus
1512 689 1635 764 tecum,
1656 705 1698 752 ne
1720 679 1763 752 ti·-

90 835 95 845 ·
191 823 321 880 «meas,
338 795 455 880 Maria;
472 794 550 894 quia
571 795 720 868 invenisti
741 797 878 893 gratiam
901 797 988 896 opud
1013 797 1128 870 Deum.
1148 797 1225 870 ldeo
1247 797 1407 897 concipies
1428 810 1460 870 et
1478 798 1583 898 parim
1605 799 1710 874 lilium
1730 814 1763 872 et

192 917 344 989 revocabis
364 941 483 988 nomen
502 915 571 1012 ejus
589 915 711 988 Jesum.
732 917 792 988 llic
811 917 870 988 erit
891 943 1030 1013 magnus
1051 931 1083 990 et
1098 918 1198 990 Filius
1216 919 1275 991 [lei
1293 918 1468 990 vocabitur.
1488 919 1528 992 Et
1543 918 1633 993 dabit
1649 921 1679 992 ei
1697 922 1762 994 Do-

192 1037 325 1109 ominus
344 1037 430 1109 Deus
447 1035 600 1108 thronum
615 1035 716 1109 David
731 1037 830 1136 patris
846 1038 916 1134 ejus
931 1051 963 1110 et
981 1036 1131 1134 regnabit
1151 1015 1251 1138 super
1266 1039 1401 1112 demum
1417 1039 1516 1112 Jacob
1536 1040 1571 1114 in
1588 1054 1761 1127 aeternum

192 1170 250 1229 cet
267 1157 358 1255 regni
377 1156 447 1255 ejus
469 1181 536 1228 non
558 1155 619 1228 erit
641 1155 726 1230 finis.
752 1158 790 1231 Et
808 1157 886 1228 dixit
908 1156 1011 1230 llario
1034 1158 1076 1230 ad
1095 1159 1274 1257 angelum:
1297 1160 1469 1244 Quomodo
1486 1160 1542 1233 fiet
1562 1161 1643 1233 mibi
1657 1161 1760 1246 istud,

191 1277 374 1377 «quoniam
388 1277 490 1350 vuum
507 1303 573 1349 non
591 1304 747 1375 cognosco
758 1278 814 1349 ¹ln
832 1279 998 1380 Numquid
1014 1278 1155 1380 amplius
1168 1281 1257 1378 virgo
1277 1279 1495 1381 permanebo?
1509 1281 1674 1383 Numquid
1689 1309 1762 1356 vere

192 1398 347 1499 prodetur
360 1397 552 1497 virginitatis
567 1397 730 1497 dignitas?

244 1577 299 1648 ΙΙΙ.
328 1575 404 1648 Haec
419 1574 497 1648 dum
514 1601 630 1676 anceps
648 1602 756 1648 secum
775 1589 914 1650 versaret
928 1590 1039 1650 sancta
1058 1577 1171 1675 Virgo,
1188 1577 1272 1650 illico
1291 1577 1448 1652 sermonis
1464 1578 1586 1651 linem²
1601 1579 1719 1653 obtulit
1732 1581 1761 1653 ei

190 1696 348 1795 Angelus,
365 1695 496 1768 dicens:
514 1696 679 1796 «Spiritus
697 1697 834 1770 Sanetus
854 1698 961 1771 veniet
982 1698 1016 1769 in
1035 1711 1066 1770 to
1089 1711 1120 1770 et
1142 1698 1242 1770 virtus
1261 1697 1415 1772 Altissimi
1436 1700 1644 1772 obumbrabit
1665 1728 1764 1800 super

192 1833 259 1890 cte.
284 1817 426 1917 Ideoque
449 1828 481 1888 et
507 1817 595 1916 quod
620 1817 735 1889 edetur
757 1845 793 1890 er
813 1832 844 1890 te
867 1832 1015 1891 sanctum
1041 1833 1073 1891 et
1091 1818 1191 1892 Filius
1210 1819 1269 1892 Dei
1287 1819 1513 1893 vocabitur³.n
1536 1821 1633 1904 Quod
1656 1833 1705 1894 ost
1726 1849 1763 1896 ex

191 1939 311 2039 seipso,
330 1935 426 2040 (hec)
444 1951 476 2010 et
491 1937 658 2010 vocabitur
676 1937 716 2010 de
737 1939 832 2011 laeto.
848 1939 968 2012 Verum
989 1940 1217 2014 convenienter
1233 1953 1376 2013 sanctam
1396 1941 1532 2014 Mariam
1554 1969 1591 2014 ex
1610 1943 1762 2016 omnibus

191 2059 377 2132 nationibus
399 2058 501 2130 solam
524 2057 621 2158 elegit
644 2058 761 2156 gratia,
787 2060 863 2159 quia
886 2086 996 2133 revera
1021 2062 1149 2161 sapiens
1168 2061 1201 2133 iu
1220 2061 1372 2134 omnibus
1394 2075 1426 2134 et
1446 2063 1581 2134 honesta
1599 2075 1684 2145 erat,
1703 2091 1762 2136 nee

191 2180 303 2252 similis
318 2181 348 2252 ei
363 2181 481 2253 exstitit
497 2181 531 2251 in
548 2179 699 2254 omuibus
714 2181 911 2254 nationibus.
920 2181 991 2254 Non
1009 2181 1091 2254 siout
1105 2182 1194 2281 prior
1208 2182 1295 2278 virgo
1312 2183 1392 2267 Eva,
1411 2183 1444 2255 in
1458 2183 1612 2256 l'aradise
1629 2184 1762 2258 choreas

191 2329 305 2399 agens,
318 2302 448 2374 remissa
471 2316 579 2374 mente
601 2314 634 2373 et
655 2300 778 2403 absque
798 2303 961 2388 examine,
985 2303 1026 2374 ab
1049 2303 1155 2376 omnis
1177 2303 1255 2375 mali
1278 2317 1424 2386 auctore,
1443 2317 1609 2404 serpente,
1628 2305 1761 2378 verbum

190 2423 329 2524 suscepit
346 2422 436 2522 quod
450 2423 611 2496 internam
627 2423 727 2523 ipsius
742 2437 884 2496 mentem
898 2425 1058 2525 corrupit,
1078 2423 1181 2510 unde,
1197 2449 1344 2525 peream
1361 2450 1518 2498 venenum
1533 2425 1762 2498 fraudulentus

191 2545 360 2617 ellundeus
375 2546 470 2644 eique
487 2559 625 2618 inertem
649 2545 829 2618 admiscens
849 2546 883 2618 in
901 2571 1030 2619 omnem
1048 2545 1209 2618 mundum
1226 2544 1426 2618 introduxit:
1449 2571 1485 2618 ac
1503 2557 1674 2646 prepterea
1693 2573 1762 2618 om-

171 2701 173 2708 ·
190 2693 247 2738 nes
265 2663 377 2768 (lbl)
393 2665 520 2740 labores
538 2681 722 2739 sanctorum
742 2667 913 2740 necessarii
930 2666 1006 2738 iacti
1026 2679 1123 2738 sunt:
1142 2666 1214 2739 Evae
1234 2681 1343 2739 autem
1366 2664 1460 2767 culpa
1482 2665 1542 2738 liae
1561 2667 1630 2738 sola
1652 2679 1761 2739 saneta

191 2787 312 2886 virgine
331 2801 478 2888 reparata
498 2801 556 2860 est.
571 2788 691 2860 Verum
713 2788 803 2888 prius
827 2788 913 2860 dena
931 2787 1075 2888 accipere
1095 2787 1202 2860 noluit
1225 2787 1423 2861 sanctissima
1442 2785 1573 2889 (Virgo)
1589 2814 1688 2888 quam
1709 2785 1763 2858 in·

190 2908 375 3007 quisiissetl
397 2908 471 3009 quis
489 2920 571 2979 esset
590 2908 647 3006 qui
665 2903 739 3008 (ea)
756 2908 913 2993 mitteret,
932 2907 974 2979 ad
990 2907 1151 3006 Angelum
1173 2906 1307 2979 dicens:
1328 2907 1446 2980 «Unde
1468 2907 1561 2982 nobis
1580 2909 1648 2980 haee
1662 2908 1762 2980 bene·

190 3029 324 3102 edictio.
344 3028 388 3100 Ex
408 3027 604 3128 quibusnam
631 3027 789 3100 thesauris
811 3027 853 3098 ad
874 3055 932 3099 nos
948 3026 1040 3098 verbi
1056 3027 1231 3124 margarita
1255 3027 1350 3098 missa
1376 3028 1443 3099 est?
1464 3027 1557 3101 Unde
1579 3029 1659 3100 tanti
1683 3027 1760 3100 deni

190 3149 358 3222 sublatio?
375 3149 527 3246 Figuram
541 3147 642 3219 habes
658 3146 834 3231 coelestem,
851 3147 909 3218 sed
928 3173 1026 3247 super
1046 3159 1165 3219 terram
1181 3147 1315 3219 incedis.
1334 3145 1482 3220 Hominis
1500 3149 1637 3246 liguram
1655 3149 1759 3246 geris,

190 3269 273 3341 csed
286 3268 367 3340 lucis
381 3268 507 3367 fulgore
522 3265 710 3368 splendeas
728 3267 803 3340 llaec
821 3268 900 3340 dum
913 3295 1022 3340 seeum
1035 3267 1247 3340 meditaretur
1260 3267 1457 3340 sanctissima
1476 3265 1624 3371 (Virgo),
1643 3267 1762 3340 talibus

190 3389 290 3462 dubia
301 3388 394 3461 solvit
408 3388 643 3487 Archangelus,
655 3388 765 3462 dicens
777 3420 785 3460 r
799 3389 964 3490 «Spiritus
974 3389 1115 3462 Sanctus
1125 3388 1231 3460 veniet
1246 3389 1279 3460 in
1295 3401 1325 3459 te
1341 3402 1373 3461 et
1383 3387 1482 3460 virtus
1496 3388 1649 3462 Altissimi
1664 3415 1763 3489 super

191 3524 247 3583 cte
267 3509 486 3583 obumbrabit.
505 3509 648 3610 Ideoque
666 3523 698 3582 et
718 3510 807 3610 qued
830 3524 979 3583 nascetur
996 3539 1032 3583 cx
1050 3526 1080 3583 te
1101 3522 1246 3582 sanctum
1265 3521 1312 3581 est
1331 3508 1485 3582 etFilius
1506 3509 1565 3582 Dei
1585 3509 1760 3582 vocabitur.

192 3631 262 3704 «Ne
286 3632 415 3715 timeas,
441 3629 561 3716 Maria,
582 3632 738 3732 queniam
766 3631 915 3704 invenisti
940 3633 1077 3730 gratiam
1108 3629 1197 3730 apud
1223 3631 1328 3707 Deum
1338 3633 1389 3701 ⁵.»
1415 3629 1558 3705 Gratiam
1582 3627 1761 3703 secundum

191 3766 340 3825 naturam
357 3780 397 3824 ne
418 3753 582 3838 scruteris,
601 3753 758 3852 queniam
776 3751 903 3851 legibus
926 3767 1049 3825 naturae
1064 3751 1179 3850 subjici
1199 3778 1265 3824 non
1284 3750 1407 3852 patitur
1426 3752 1540 3850 gratia.
1559 3751 1630 3824 ‹rNe
1650 3753 1763 3823 timeas

192 3871 334 3959 callario,
346 3905 362 3942 n
376 3873 531 3974 quoniam
548 3901 613 3946 non
629 3873 702 3946 veni
718 3887 754 3946 ut
769 3887 799 3946 te
817 3886 905 3946 metu
921 3887 1073 3956 terream,
1088 3872 1145 3945 sed
1164 3886 1201 3945 ut
1214 3887 1319 3945 metus
1334 3871 1502 3945 materiam
1516 3899 1535 3944 a
1550 3886 1581 3946 te
1596 3871 1761 3973 repellam.

244 4049 296 4122 IV.
325 4048 429 4134 Nosti,
442 4076 460 4122 ο
476 4050 595 4136 Maria,
611 4049 701 4150 quod
718 4049 921 4122 Patriarehas
937 4063 968 4122 et
983 4048 1160 4148 Prophetas
1174 4048 1306 4122 latebat.
1322 4049 1469 4123 Didieisti
1485 4049 1574 4150 quod
1591 4063 1668 4122 tunc
1682 4048 1762 4132 illis,

193 4169 258 4244 imo
279 4184 311 4244 et
325 4169 505 4271 Apostolisfi
520 4170 583 4243 luit
602 4169 838 4244 absconditum.
855 4169 981 4242 Audisti
999 4170 1088 4271 quod
1108 4175 1314 4243 sanctorum⁷
1329 4170 1418 4245 cheri
1443 4169 1556 4243 audire
1580 4169 1671 4268 digni
1696 4195 1762 4241 non

192 4305 269 4364 sunt
277 4289 392 4364 habiti.
407 4291 532 4392 Moyses
543 4305 575 4365 et
588 4291 707 4376 David,
718 4291 817 4362 lsaias
826 4289 872 4392 [et
882 4290 998 4363 Daniel
1005 4289 1043 4392 Ἴ,
1056 4291 1164 4363 cuncti
1180 4290 1349 4392 Prophetae
1358 4291 1398 4364 de
1411 4290 1482 4391 ipso
1491 4290 1762 4392 predicaverunt,

192 4412 249 4486 sed
267 4412 400 4486 modum
418 4437 484 4484 neu
502 4424 732 4511 cognoverunt.
749 4411 798 4484 'l'u
813 4438 887 4484 vero
903 4409 987 4496 sola,
1004 4439 1023 4484 o
1040 4411 1262 4484 sanctissimal
1273 4412 1385 4510 Virgo,
1397 4439 1469 4513 quae
1485 4411 1636 4485 omnibus
1653 4411 1763 4509 ignota

193 4547 301 4619 erant,
319 4533 485 4634 suscepisti
505 4533 666 4632 mysteria.
678 4531 774 4616 Nam,
794 4530 852 4604 ubi
869 4533 1007 4606 Sanctus
1022 4533 1163 4634 Spiritus
1185 4546 1248 4617 est,
1267 4534 1376 4605 omnia
1399 4533 1515 4606 rectius
1533 4532 1761 4632 disponuntur.

193 4649 256 4728 Ubi
272 4654 379 4727 divino
397 4654 488 4726 adest
502 4654 621 4752 gratia,
639 4654 748 4726 omnia
765 4653 931 4754 possibilia
950 4667 1037 4726 sunt.
1055 4653 1219 4754 «Spiritus
1234 4653 1373 4728 Sanctus
1387 4655 1493 4727 veniet
1510 4654 1543 4725 in
1557 4667 1604 4738 te,
1618 4667 1650 4725 et
1665 4653 1763 4725 virtus

230 4927 237 4958 ¹
258 4923 317 4978 latr.
338 4943 360 4988 r,
381 4923 487 4980 stet.
505 4955 541 4964 -
559 4926 569 4957 ¹
589 4921 625 4978 Ad
643 4923 751 4978 litteram
773 4942 890 4978 sumnum
913 4929 941 4977 ut
1016 4922 1046 4978 tt
1064 4921 1157 4978 hahent
1172 4941 1266 4997 grecus
1281 4941 1399 4997 syrusqoe
1417 4930 1495 4976 tentus
1509 4919 1647 4995 etquidem
1661 4922 1762 4985 orerito;

186 5033 271 5090 gretes
288 5017 317 5070 τό
337 5018 484 5084 κιφόλαων.
501 5018 562 5058 -³
580 5015 639 5071 Luc.
663 5036 684 5078 r,
708 5017 753 5071 35.
773 5049 810 5056 -
828 5016 838 5050 ⁴
856 5016 941 5072 Graece
1016 5034 1074 5070 nam
1085 5015 1116 5071 de
1128 5016 1248 5089 Apostolts
1260 5015 1301 5070 hie
1312 5015 1351 5090 agi
1366 5033 1415 5069 uon
1426 5021 1512 5088 potest.
1523 5017 1577 5055 —⁷
1589 5013 1625 5070 td
1639 5015 1761 5070 litterumr

192 5119 218 5165 el
235 5109 328 5182 Ayt'lwt
344 5110 444 5165 additur
461 5111 521 5184 quid
534 5121 593 5165 mel
609 5110 697 5164 deum
711 5119 734 5162 et
751 5109 805 5182 qttt'!
820 5109 863 5181 qai
880 5107 942 5162 illud
1016 5107 1066 5162 Dio
1090 5107 1228 5162 indutorum
1257 5108 1331 5162 cheri.
1361 5115 1695 5187 ummnmudmqupmqu.
1718 5107 1762 5163 Gt*-

192 5203 314 5257 nitunt?
327 5207 383 5243 -⁸
397 5203 443 5258 llic
455 5223 470 5259 e
482 5204 534 5258 loco
547 5211 658 5258 mutetur
669 5220 779 5264 cemma,
790 5201 857 5276 quod
869 5201 941 5257 eliter
1015 5201 1167 5274 θεοφόρων.
1181 5201 1236 5272 syr.
1246 5198 1322 5265 ΙοδΙ
1335 5211 1440 5256 um..
1450 5202 1507 5240 -⁸
1520 5199 1607 5254 Donet
1618 5201 1707 5256 omittit
1722 5220 1763 5254 er*-

194 5293 309 5360 bsbetur,
323 5302 375 5350 tum
387 5295 412 5348 in
425 5313 518 5367 graeco,
532 5303 584 5350 tum
596 5297 621 5350 in
632 5314 687 5367 sym
699 5301 774 5348 tenter.
787 5325 824 5334 —
838 5297 848 5325 ⁶
860 5292 941 5365 Ange·
1016 5311 1089 5347 mena
1108 5293 1195 5346 versio.
1213 5325 1250 5334 -
1264 5295 1274 5325 ⁹
1291 5293 1418 5362 Ileeayta,
1439 5301 1649 5370 muthmuocpp.
