3990 6092
728 655 929 724 scurrus
959 657 1207 726 nursrraas.
1416 641 1420 648 '
1688 663 1753 730 aaa

136 811 144 836 ³
237 797 276 874 ll.
305 801 394 886 Ouid
411 827 485 876 vero
502 804 701 876 Crucifixus?
720 806 879 890 «Omnia,
900 807 1022 907 iuquit,
1039 821 1259 880 consummata
1275 821 1351 880 suut
1371 809 1516 880 nancta
1533 809 1581 880 Ad
1600 808 1669 882 brea
1685 811 1754 910 ipse

184 919 282 1008 latro,
302 926 441 1025 quivere
462 926 590 1026 sapiens
611 939 693 1012 erat,
712 928 968 1026 sapientissimus
987 929 1136 1002 iuventus
1154 944 1219 1014 cst,
1241 930 1377 1002 audieus
1397 929 1485 1002 illam
1507 958 1617 1013 vocem
1638 930 1754 1003 saluti-

186 1047 296 1118 leram.
308 1047 461 1128 Quamvis
479 1047 565 1118 enim
581 1047 732 1120 manibus
747 1049 780 1120 in
792 1062 919 1146 tergum
933 1051 1094 1123 conversis
1110 1064 1141 1122 et
1155 1051 1279 1148 ligatis,
1293 1049 1496 1152 pedibusque
1509 1052 1657 1124 similiter
1672 1067 1755 1126 esset

186 1166 276 1264 ligno
292 1168 452 1252 confixus,
469 1167 589 1266 lingua
603 1182 709 1241 tamen
726 1170 869 1244 motione
883 1198 1012 1243 cursum
1030 1185 1063 1244 et
1078 1199 1207 1272 precem
1226 1173 1376 1271 perfecit3
1392 1186 1489 1273 atquc
1505 1174 1551 1245 ita
1567 1173 1665 1259 lidos,
1681 1201 1768 1273 quae.

185 1288 218 1358 in
240 1288 335 1360 corde
357 1289 497 1388 reposita
518 1303 603 1373 erat,
623 1317 742 1362 nomen
761 1290 847 1362 illius
863 1289 1017 1393 (Christi)
1035 1293 1218 1392 proterens,
1240 1293 1445 1366 exclamaritc
1466 1293 1654 1367 «Memento
1672 1296 1752 1377 mei,

187 1409 340 1494 Domine,
356 1409 390 1481 in
405 1435 504 1507 regno
523 1415 639 1483 tuot„
660 1411 707 1482 Ad
729 1413 796 1484 luec
812 1412 989 1484 Crucifixus
1008 1413 1198 1514 respondit:
1223 1413 1353 1487 sHodie
1374 1441 1501 1486 mecum
1524 1415 1636 1487 crisin
1655 1443 1754 1514 para-

184 1563 201 1596 ιι
210 1530 280 1603 tllso
289 1535 312 1602 ³.
324 1563 340 1598 n

236 1717 291 1789 lll.
321 1717 406 1788 Proh
427 1718 626 1817 stupendum
650 1731 748 1819 atque
769 1719 972 1792 tremcndum
991 1721 1200 1819 mysterium!
1220 1721 1300 1792 Nam
1321 1721 1428 1793 adhuc
1449 1721 1595 1820 pendeus
1611 1720 1644 1792 in
1660 1747 1753 1792 cruce

183 1839 330 1910 celeriter
347 1839 380 1910 in
399 1839 586 1939 paradisum
602 1840 772 1939 recipitur;
792 1841 941 1913 comitem
959 1843 1017 1914 viae
1035 1842 1096 1912 sibi
1112 1839 1295 1942 (Christus)
1313 1839 1472 1914 latronem
1489 1843 1686 1940 adjungens,
1705 1843 1754 1913 al-

184 1973 288 2032 terum
307 1959 341 2030 in
358 1960 545 2059 paradisum
564 1960 756 2046 introducit,
778 1961 916 2034 alterum
939 1989 1013 2034 vero
1035 1989 1112 2034 uon.
1134 1963 1200 2035 Cur
1216 1963 1277 2034 boc
1294 1963 1338 2033 ita
1356 1963 1476 2036 lactum
1495 1963 1567 2034 est?
1581 1963 1665 2034 Num
1679 1990 1753 2036 vero

184 2081 235 2152 hic
255 2082 383 2181 sapiens
403 2080 501 2164 latro,
518 2107 554 2152 ex
573 2082 674 2154 altero
695 2082 781 2154 socio
801 2111 878 2168 suo,
898 2083 1085 2182 paradisum
1103 2111 1120 2155 a
1140 2083 1273 2156 domino
1295 2083 1437 2183 paradisi
1458 2083 1669 2156 latrocinatus
1689 2098 1753 2167 cst,

183 2201 303 2275 scilicet
324 2203 351 2274 is
370 2203 428 2302 qui
444 2202 486 2276 ad
504 2189 666 2274 dexteram
686 2217 754 2275 erat
774 2231 810 2276 er
828 2231 866 2276 eo
885 2205 942 2304 qui
958 2204 1000 2276 ad
1019 2204 1205 2276 sinistram?
1221 2247 1272 2260 2-
1289 2205 1381 2278 Certe
1400 2232 1466 2278 non
1485 2205 1546 2289 ita,
1565 2205 1623 2278 sed
1642 2205 1753 2305 paucis

183 2336 307 2395 tantum
334 2323 439 2396 verbis
464 2323 573 2396 dicens
593 2355 601 2395 2
622 2323 810 2397 sllcmento
830 2324 911 2409 mci,
934 2325 1089 2409 Domine,
1108 2326 1141 2396 in
1161 2351 1261 2422 regno
1280 2339 1380 2409 tuo,n
1401 2338 1434 2397 et
1455 2325 1517 2410 ita,
1537 2325 1630 2397 citius
1653 2353 1751 2424 quarn

182 2445 334 2543 petierat,
353 2457 426 2517 rota
444 2444 586 2517 lucratus
604 2460 663 2518 est.
685 2446 768 2518 Dixit
787 2443 887 2547 (enim
905 2447 934 2520 ei
954 2443 1133 2547 Christus):
1153 2445 1283 2518 allodia
1299 2473 1424 2518 mecum
1438 2446 1500 2517 eris
1517 2446 1550 2517 in
1564 2446 1753 2545 paradisos

184 2566 285 2664 lgitur
299 2579 386 2666 patet
403 2565 589 2665 paradisum
610 2567 728 2652 furari,
751 2567 886 2640 latronis
906 2595 1011 2649 more,
1027 2567 1229 2668 impossibile
1249 2595 1333 2650 esse,
1355 2567 1431 2666 quia
1454 2567 1518 2640 buc
1534 2567 1750 2667 prmdatomm

184 2713 300 2760 manus
318 2713 383 2759 non
403 2688 576 2785 attingunt.

150 2889 155 2899 ·
233 2863 284 2935 IV.
314 2861 371 2936 llle
389 2890 486 2963 porro
504 2864 697 2937 Crucifixum
715 2892 787 2938 vere
810 2865 914 2939 Deum
932 2893 1001 2938 essa
1018 2879 1104 2940 certo
1123 2893 1335 2964 cognoscens,
1355 2865 1397 2937 ob
1418 2893 1484 2938 suae
1506 2864 1584 2938 fidei
1605 2863 1753 2936 clamita-

184 2985 321 3070 tionem,
338 2985 371 3057 in
393 2985 578 3084 paradisum
594 2985 746 3085 abreptus
760 2999 830 3078 est,
840 3013 906 3058 non
922 2999 1029 3058 autem
1046 2987 1113 3086 ipsc
1129 3013 1147 3057 a
1163 2986 1296 3059 domino
1311 2987 1452 3086 paradisi
1466 2985 1652 3085 paradisum
1669 2985 1754 3058 abri-

182 3107 264 3207 puit.
283 3107 393 3208 Apage
409 3134 511 3190 nunc,
529 3119 580 3190 tu,
597 3107 654 3205 qui
665 3107 860 3180 Crucifixum
876 3107 1040 3180 bominem
1056 3108 1204 3191 inanem,
1218 3107 1356 3180 divisum
1372 3121 1403 3178 et
1417 3107 1659 3207 corruptibilem
1675 3109 1753 3180 eris

184 3229 293 3312 timas3
313 3255 406 3312 nam,
422 3227 449 3298 si
468 3254 575 3300 merus
590 3227 704 3312 bomo,
724 3226 868 3300 mortalis
884 3240 1019 3310 natura,
1039 3227 1093 3298 alii
1115 3226 1241 3300 mortali
1258 3227 1380 3326 pariter
1397 3241 1529 3312 natura,
1547 3255 1752 3329 nequaquam

183 3349 458 3420 immortalitatem
469 3348 612 3420 tribuere
624 3361 745 3447 potest,
760 3348 923 3448 quomodo
936 3347 1089 3420 credibile
1103 3361 1159 3420 aut
1173 3347 1341 3448 probabile
1354 3361 1437 3420 esset
1447 3375 1522 3420 eum
1536 3349 1592 3448 qui
1608 3349 1753 3447 insuper,

183 3469 410 3541 constitutione
425 3496 499 3552 sua,
516 3494 533 3539 e
551 3481 663 3541 natura
679 3481 829 3568 corrupta
845 3483 876 3540 et
892 3469 1093 3569 corruptibili
1110 3483 1204 3541 uatus
1218 3483 1249 3542 et
1264 3482 1389 3541 creatus
1404 3481 1467 3550 est,
1482 3467 1537 3540 alii
1552 3469 1673 3568 paritor
1685 3495 1754 3540 cor-

183 3603 279 3690 rupta
295 3602 326 3661 et
341 3589 543 3690 corruptibili
562 3604 677 3662 natura
695 3590 847 3690 praedito,
863 3590 1202 3690 incorruptibilitatem
1218 3589 1348 3688 elargiri
1363 3591 1477 3690 posse?
1494 3588 1650 3662 Similiter
1666 3589 1754 3661 undo

184 3713 254 3785 lieri
275 3725 435 3813 potestat
457 3713 554 3786 homo
574 3712 760 3811 paradisum
784 3713 909 3814 aperire
930 3713 1049 3812 possit,
1072 3739 1170 3813 quem
1193 3713 1279 3786 Deus
1297 3713 1360 3812 ipsi
1383 3711 1582 3812 protoplasto
1605 3711 1752 3794 occlusit,

184 3831 360 3905 Cherubim
377 3833 539 3932 imperans
554 3846 590 3904 ut
607 3833 788 3931 ingressum
806 3833 956 3905 llammco
975 3861 1051 3905 ense
1067 3833 1284 3906 custodiretll
1301 3831 1386 3935 (10)

235 4009 271 4082 V.
301 4007 438 4093 Qualem
455 4009 556 4109 igitur
572 4009 683 4084 lesum
701 4009 865 4082 Christum
882 4011 1024 4110 paradisi
1041 4010 1268 4110 patefactorem
1288 4038 1356 4082 esse
1374 4009 1499 4094 credas,
1520 4023 1554 4081 tu
1572 4008 1630 4109 qui
1649 4009 1754 4082 obca-

184 4144 273 4203 catus
283 4129 417 4203 ludaico
431 4132 660 4232 contemplaris
670 4131 764 4204 oculo
775 4129 996 4204 Emmanuelis
1008 4131 1284 4204 incarnationem?
1293 4131 1402 4215 Nunc,
1413 4131 1440 4203 si
1450 4131 1596 4204 Christus
1609 4131 1754 4203 eminens

183 4251 281 4326 homo
298 4265 424 4324 tantum
440 4253 499 4325 tibi
514 4265 683 4353 appareat,
702 4278 774 4324 ecca
792 4252 860 4351 ipse
878 4251 1041 4336 Christus,
1058 4251 1157 4325 homo
1176 4265 1302 4325 tantum
1318 4266 1350 4324 et
1366 4251 1550 4336 crucifixus,
1568 4250 1753 4350 paradisum

184 4401 344 4458 reserans,
363 4374 512 4474 superior
524 4386 571 4446 est
586 4374 648 4473 ipsi
663 4373 730 4446 Deo
744 4371 966 4474 (paradisum)
980 4373 1160 4459 claudenti,
1176 4373 1339 4473 simulque
1355 4371 1539 4445 alteralteri
1555 4372 1752 4445 adversatur.

185 4495 356 4578 Quomodo
371 4495 440 4568 haec
458 4521 570 4569 eorum
586 4493 666 4567 lalsa
684 4493 793 4566 labala
813 4506 844 4565 et
864 4494 961 4566 stulta
979 4494 1125 4568 doctrina
1143 4495 1210 4567 risu
1228 4494 1422 4595 comicisque
1440 4492 1668 4576 cantiunculis,
1688 4493 1753 4563 imo

184 4614 273 4687 luctu
289 4616 387 4715 digna
403 4643 469 4688 uon
484 4618 584 4689 esset!
603 4615 667 4688 Sed
687 4641 745 4688 nos
759 4615 951 4687 confitemur
963 4614 1157 4687 Crucifixum
1173 4643 1305 4714 corpore
1321 4643 1388 4687 esse
1411 4616 1512 4687 Deum
1528 4641 1655 4696 verum,
1672 4612 1754 4684 ado-

184 4763 358 4837 remusque
376 4737 468 4808 illum
486 4737 627 4836 paradisi
642 4737 870 4837 patefactorem
889 4736 1067 4808 dominum.

236 4913 287 4983 Vl.
316 4914 400 4987 Sunt
416 4927 524 4986 autem
542 4928 573 4986 et
590 4913 661 4985 aliae
682 4915 822 4986 rationes
843 4913 907 4986 fide
923 4913 1029 5012 dignae
1045 4928 1141 5014 atque
1160 4927 1349 5014 argumenta
1366 4913 1536 4985 manifesta
1554 4911 1587 4982 in
1605 4911 1754 4983 Crucilixi

185 5032 334 5105 clamore.
356 5034 430 5106 llaec
450 5063 524 5120 vor,
540 5061 668 5135 semper
685 5033 863 5119 vivificans,
882 5061 981 5135 quam
998 5035 1067 5136 ipsc
1090 5035 1172 5108 latro
1191 5034 1328 5118 audivit,
1348 5033 1389 5105 ad
1407 5031 1579 5134 quemdam
1601 5033 1754 5103 Lazarum

185 5152 356 5226 abeodem
376 5155 551 5240 crucifixo,
571 5170 645 5229 ante
663 5182 754 5228 suam
773 5155 1028 5241 crucifixionem,
1048 5182 1120 5228 cum
1139 5157 1261 5254 majore
1278 5153 1434 5227 miraculo
1454 5152 1531 5225 olim
1547 5153 1671 5253 prolata
1691 5165 1753 5224 est.

185 5300 291 5344 coram
306 5274 383 5372 ipsis
397 5275 530 5360 ludaeis,
548 5275 666 5348 Christi
679 5275 953 5360 interlectoribus,
968 5277 1026 5374 qui
1038 5276 1190 5348 dentibus
1202 5275 1411 5348 frendebant:
1428 5275 1517 5358 «Tu,
1532 5300 1639 5345 morus
1656 5273 1753 5345 borno

224 5437 228 5464 ¹
248 5430 318 5485 loon.
331 5450 382 5496 ιιι,
396 5433 508 5485 3o.-²
528 5431 586 5486 Lac.
600 5451 672 5494 ιιιιι,
686 5435 730 5487 ba.
743 5437 799 5474 -³
821 5431 880 5487 lbid.
896 5435 938 5487 [13.
951 5435 1006 5475 -l
1025 5433 1069 5489 Clr
1082 5433 1140 5486 Gerr.
1155 5451 1197 5497 ru,
1212 5435 1254 5487 ab.
