4006 6098
493 553 703 621 SANCTUS
734 553 973 621 otttut'stus
1007 555 1362 622 :tttuxsuhltlh'tts
1647 558 1712 622 tta

144 733 218 778 nem
234 704 414 777 instituere.
434 703 496 774 l'ro
514 704 553 774 iis
569 717 711 786 tantum,
731 705 803 804 qui,
821 704 853 775 in
869 704 1022 808 Hellade,
1040 706 1143 777 Deum
1159 704 1400 777 absconditum¹
1419 719 1454 776 ut
1471 732 1600 777 causam
1617 733 1716 804 agno-

144 840 275 909 verunt,
295 826 423 924 loquor.

196 949 301 1031 Quem
323 974 420 1047 porro
449 975 522 1020 cum
551 947 765 1044 cognovisset,
786 977 823 1021 ex
845 950 970 1050 seriptis
995 977 1067 1048 ‹yuae
1086 964 1178 1022 erant
1202 949 1242 1022 de
1267 950 1341 1034 illo,
1364 949 1561 1048 baptizatum
1586 975 1619 1020 se
1644 975 1716 1020 eum

145 1071 233 1141 omni
259 1069 355 1142 domo
379 1095 436 1140 sua
456 1069 556 1143 voluit
579 1070 620 1141 ab
639 1069 791 1168 Apostoio
815 1097 954 1168 maguus
979 1070 1168 1168 Dionysius,
1188 1071 1235 1141 vir
1260 1070 1366 1143 clarus
1391 1084 1422 1141 et
1446 1068 1618 1168 eloquens,
1643 1069 1716 1168 qui,

146 1190 260 1262 exinde
280 1188 487 1261 sacerdotalis
507 1190 632 1261 ordinis
650 1191 753 1262 iactus
774 1205 885 1290 caput,
905 1190 1040 1261 celebris
1061 1191 1158 1263 evasit
1175 1217 1234 1289 per
1251 1217 1287 1261 ea
1310 1218 1381 1290 quae
1400 1190 1525 1289 scripsit
1544 1188 1584 1260 de
1603 1189 1717 1261 Divina

146 1311 333 1408 Theologiu.

199 1431 292 1503 Pauli
314 1429 492 1531 discipulus
517 1443 600 1514 erat,
621 1429 708 1502 iliius
725 1459 784 1531 per
802 1457 899 1531 quem
919 1431 1064 1503 Christus
1083 1430 1294 1530 Evangelium
1321 1429 1473 1528 gentibus
1492 1443 1602 1501 notum
1628 1429 1717 1506 iecit,

146 1580 206 1653 per
229 1578 304 1624 eum
327 1551 502 1652 loquendo.
529 1551 619 1623 lilius
636 1578 733 1652 porro
759 1553 879 1650 egregii
898 1551 957 1623 viri
982 1553 1065 1624 liber
1092 1565 1201 1652 aperte
1221 1551 1361 1624 ostendit
1383 1551 1506 1623 clarum
1533 1551 1630 1622 luisse
1647 1577 1720 1621 ma-

147 1701 247 1772 gnum
264 1673 471 1772 Dionysium,
492 1673 646 1773 quoniam
660 1674 786 1772 scripsit
804 1673 844 1745 de
860 1673 1037 1770 Theologia
1056 1674 1192 1757 librum,
1214 1673 1254 1746 de
1270 1700 1335 1772 quo
1352 1673 1444 1745 nobis
1460 1699 1564 1744 sermo
1585 1672 1619 1742 in
1635 1699 1720 1772 prce-

149 1795 241 1867 senti.
264 1795 424 1866 Caeterum
444 1819 539 1866 nemo
557 1795 618 1865 boc
642 1794 795 1892 denegem
817 1795 841 1866 si
872 1795 1005 1894 quidam
1024 1795 1111 1866 enim
1137 1795 1334 1866 eontrarium
1359 1795 1535 1866 sentientes
1557 1793 1720 1892 hocopus

149 1915 409 2017 philosophicum
433 1929 464 1986 et
482 1915 627 1987 divinum
651 1930 771 1988 attente
795 1915 954 2016 docteque
976 1916 1130 2014 legerint,
1149 1917 1250 1988 sancti
1274 1915 1362 1987 illius
1382 1916 1522 1987 doctoris
1540 1943 1614 1986 vero
1632 1915 1721 1986 testi-

84 2097 88 2104 .
149 2036 258 2107 monio
281 2036 374 2135 quasi
401 2034 508 2118 ducti,
532 2035 622 2135 quod
646 2063 713 2135 prae
738 2036 839 2108 oculis
863 2036 1037 2120 babemus,
1056 2037 1179 2136 absque
1204 2035 1272 2108 ullo
1291 2036 1421 2134 negotio
1444 2035 1627 2132 intelligent
1652 2035 1720 2106 baec

148 2157 267 2256 scripta
279 2157 387 2228 diviua
401 2156 484 2227 alius
494 2155 636 2229 bominis
648 2184 716 2229 non
731 2183 799 2229 esse
810 2157 872 2228 nisi
884 2158 994 2255 magni
1004 2157 1167 2256 Dionysii,
1179 2159 1250 2258 qui,
1262 2158 1321 2230 Dei
1333 2157 1546 2256 inspiratione
1562 2155 1717 2239 donatus,
1818 2223 1822 2232 ,

73 2317 77 2324 ·
150 2306 223 2350 cum
241 2305 359 2376 magna
376 2279 496 2375 pietate
514 2276 702 2350 Atheniensi
720 2277 848 2378 praeluit
866 2278 1025 2352 Ecclesiae.

203 2399 282 2483 Quis
301 2424 396 2498 porro
419 2396 501 2470 alius
521 2397 617 2471 verbo
643 2399 818 2500 potentior,
842 2413 918 2472 tunc
944 2399 1110 2498 temporis,
1135 2399 1247 2470 doctor
1271 2399 1403 2482 exstitit,
1422 2414 1494 2498 post
1517 2396 1719 2481 loetheum,

151 2518 295 2590 divinum
314 2519 384 2617 ejus
401 2517 607 2616 magistrum,
628 2546 726 2619 quam
748 2518 803 2591 ille
820 2520 876 2619 qui
896 2519 1078 2591 sublimiter
1101 2520 1141 2592 de
1165 2518 1326 2617 theologia
1353 2534 1385 2591 et
1409 2533 1493 2592 recte
1516 2519 1556 2591 de
1581 2518 1721 2589 scientiis

151 2639 295 2739 scripsit?
322 2640 402 2721 Quis
425 2640 508 2712 alius
526 2640 559 2711 in
585 2639 759 2741 Scripturis
784 2640 901 2714 divinis
919 2641 1108 2713 abscondita
1132 2639 1228 2713 altius
1253 2641 1432 2740 penetravit
1455 2640 1604 2738 mysteria
1623 2665 1720 2739 quam

150 2759 339 2860 Dionysius,
357 2758 468 2862 (173)
492 2777 528 2834 ut
549 2760 715 2834 addiscere
739 2777 874 2862 possunt
899 2763 956 2864 qui
981 2776 1128 2834 accurate
1156 2777 1187 2834 et
1212 2789 1285 2834 cum
1309 2789 1418 2834 amore
1440 2761 1581 2833 veritatis
1610 2760 1723 2858 legunt

151 2910 223 2982 quae
238 2881 442 2982 possidemus
459 2883 530 2980 ejus
546 2882 665 2982 opera?
681 2883 804 2979 Dignus
823 2897 870 2954 est
889 2884 975 2955 enim
987 2885 1043 2972 ,cui
1060 2883 1222 2967 credatur,
1241 2883 1336 2956 etiam
1359 2911 1432 2955 cum
1450 2881 1638 2982 sibimetipsi
1656 2897 1722 2952 tes·

151 3003 321 3074 timonium
346 3004 456 3086 alleri,
475 3017 512 3074 ut
528 3003 562 3074 in
584 3003 623 3074 iis
639 3031 711 3102 quae
727 3003 852 3101 scripsit
877 3003 919 3076 ad
946 3018 1089 3075 sanctum
1112 3003 1257 3100 Smyrnae
1280 3004 1468 3103 episcopum
1491 3002 1721 3101 Polycarpum,

151 3126 208 3223 qui
223 3125 366 3195 valenter
381 3124 462 3195 adeo
480 3151 538 3224 pro
558 3123 713 3221 religione
729 3123 916 3207 decertavit,
936 3123 992 3222 qui
1008 3124 1068 3194 suit
1087 3121 1216 3194 auditor
1231 3122 1364 3194 loannis
1380 3123 1589 3222 Evangelistae
1605 3137 1635 3193 ot
1650 3149 1723 3193 vere

153 3245 284 3317 Domini
309 3244 409 3315 nostri
427 3243 536 3316 dilecti
561 3242 721 3343 discipuli.
747 3243 834 3316 Misit
850 3243 950 3340 igitur
974 3243 1015 3315 ad
1043 3242 1256 3342 Polycarpum
1279 3243 1442 3342 exemplar
1466 3242 1608 3343 epistolae
1623 3269 1722 3341 quam

154 3366 322 3466 scripserat
342 3364 382 3437 de
401 3366 626 3467 Apollophane
646 3365 805 3466 sophista,
826 3366 882 3466 qui
903 3393 978 3436 eum
1000 3379 1155 3464 tanquam
1173 3364 1365 3436 scribentem
1384 3377 1494 3436 contra
1514 3362 1722 3435 Ethnicorum

154 3487 343 3585 religionem
359 3486 532 3559 insectatus
549 3487 665 3560 suerat.
687 3487 803 3573 Porro,
819 3486 854 3557 in
872 3486 964 3558 initio
981 3487 1078 3585 hujus
1098 3484 1257 3585 epistolae,
1275 3485 1369 3557 dicit²
1389 3517 1396 3555 :
1418 3485 1554 3558 aNescio
1573 3512 1632 3582 ogo
1651 3512 1723 3583 quae

155 3608 243 3680 «sive
263 3608 421 3693 litbnicis‚
439 3607 504 3682 sire
528 3608 599 3682 aliis
621 3608 705 3694 dixi,
727 3608 872 3681 sufficere
894 3622 1047 3708 reputans
1066 3621 1103 3681 ut
1124 3607 1252 3678 bonesti
1267 3607 1416 3680 homines
1434 3634 1624 3705 cognoscere
1641 3606 1725 3678 reri·-

154 3744 278 3800 «tatem
304 3729 409 3830 qualis
424 3730 464 3802 sit
479 3730 622 3810 valeant,
642 3745 678 3802 ut
691 3758 762 3801 eam
781 3730 927 3802 similiter
942 3757 1092 3802 enarrare
1110 3729 1269 3828 possint.»

927 4019 951 4089 V

318 4208 597 4272 bulephorum
619 4210 783 4272 DECIMAE
804 4208 1126 4272 CONFUTATIONIS
1146 4209 1267 4270 Pauor
1289 4207 1566 4271 SAMOSATENP.

205 4392 282 4465 Erat
304 4392 481 4464 enimcum
507 4391 552 4462 ris
577 4418 693 4488 magna
715 4392 830 4463 domus
854 4392 932 4476 Dei;
959 4418 1051 4462 mons
1077 4391 1162 4462 enim
1181 4391 1240 4463 Dei
1262 4391 1447 4462 notissimus
1468 4406 1515 4463 est
1532 4390 1648 4476 Maria,
1666 4389 1724 4460 Dei

156 4509 301 4608 genitrix.
320 4512 392 4612 lpse
411 4511 530 4594 David,
547 4511 578 4582 in
596 4511 718 4612 Spiritu
734 4513 870 4595 Sancto,
887 4513 1020 4584 thronos
1038 4526 1128 4583 vocat
1143 4525 1269 4584 sanctos
1286 4511 1465 4611 Apostolos
1485 4509 1497 4612 (
1509 4507 1597 4612 lit)

153 4763 203 4816 illis
226 4763 270 4836 qui
291 4761 515 4837 Areopagiticorum
538 4762 707 4816 auctoritatem
728 4770 836 4827 tuentur,
857 4782 901 4818 re·
979 4762 1024 4816 col.
1042 4779 1125 4834 1079,
1144 4763 1172 4817 B.
1184 4765 1242 4802 -Ι
1258 4763 1293 4816 Ex
1305 4761 1351 4816 hoc
1364 4762 1420 4815 *loco
1436 4762 1513 4836 liquet
1529 4761 1606 4815 sancti
1617 4763 1727 4835 Dionysii

155 4873 211 4908 nrm
229 4855 370 4911 refellerent
388 4855 536 4911 sententiam
553 4875 628 4929 quarn
644 4864 756 4937 meantes
771 4856 904 4912 defendere
980 4856 1069 4929 scripta
1084 4855 1200 4910 adversus
1218 4855 1322 4908 Panium
1344 4855 1532 4918 samosatenum
1549 4855 1623 4909 irrisae
1642 4856 1727 4909 saitem

155 4955 256 5002 conatus
283 4955 320 5002 est
340 4947 486 5009 Skuorzow,
511 4956 538 5004 et
558 4951 626 5022 juxta
651 4967 726 5022 quam
751 4949 905 5024 Areopagiti-
980 4949 1006 5003 in
1017 4947 1101 5002 decern
1112 4957 1194 5022 partes
1205 4955 1350 5002 tractatusve
1363 4948 1447 5002 divisa.
1459 4949 1520 5012 Quo
1532 4947 1728 5012 lricaiieruntur,

155 5059 241 5094 corum
261 5049 345 5095 auctor
363 5050 426 5098 esset
444 5043 575 5114 Dionysius
593 5042 646 5116 ipse
666 5040 853 5097 Alexandrinus.
867 5073 904 5082 —-·
979 5043 1031 5115 jam
1050 5043 1104 5097 luce
1119 5041 1209 5096 donata
1227 5061 1241 5094 a
1259 5041 1388 5096 Gallandio
1406 5041 1432 5094 iu
1448 5049 1514 5095 tomo
1531 5041 1562 5094 iil
1579 5039 1731 5094 Bibliothecae

157 5139 162 5166 ¹
177 5133 224 5188 Hic
240 5132 359 5189 alluditur
375 5135 502 5191 evidenter
513 5135 545 5190 od
558 5135 610 5190 det.
626 5153 688 5198 xrrr,
710 5135 753 5189 23.
773 5139 832 5175 ..a
848 5133 907 5190 lieo
981 5133 1250 5198 commnrml'otrmn,
1262 5153 1340 5208 grace
1356 5142 1382 5188 et
1399 5133 1475 5188 latine
1487 5135 1620 5189 exstantia
1635 5133 1728 5196 Manui,

156 5229 273 5300 leguntur
294 5227 321 5280 in
346 5227 418 5281 initio
438 5229 547 5302 epistolae
569 5230 647 5285 sancti
670 5228 780 5301 Dionysii
801 5228 907 5301 Areopa·
982 5225 1112 5282 Sacrorum
1132 5227 1290 5281 Consiliorum
1305 5225 1371 5281 Nora
1390 5239 1412 5280 et
1429 5225 1581 5297 Arayriirrimo
1597 5225 1690 5280 Coiiert.
1706 5227 1728 5288 l,

156 5322 213 5392 gilas
223 5318 255 5373 ad
268 5328 380 5374 sanctum
393 5321 564 5394 Polycarpum.
577 5323 620 5376 Gir
631 5321 753 5392 Potroiog.
767 5317 850 5374 Germ.¹
859 5321 906 5380 itt,
983 5320 1028 5374 rol.
1049 5322 1218 5379 ross-1086,
1232 5323 1259 5374 t.
