4006 6098
519 498 722 566 SANCTUS
752 498 1013 566 GREGORIUS
1043 491 1438 566 Tittunttunutts’
1687 501 1754 568 353

187 647 261 731 llci,
279 661 311 720 et
327 647 507 730 hominem,
526 662 558 720 ct
573 647 731 746 Spiritum
750 649 916 720 Sanctum.
935 647 1058 719 Idcirco
1076 674 1131 719 eos
1146 646 1351 720 anathemate
1368 647 1539 746 plectimus
1554 649 1612 748 qni
1632 649 1675 721 ito
1697 650 1757 720 im·

186 769 238 868 pie
256 768 416 854 sentiunt,
436 767 493 868 qui
516 769 683 840 bominem
704 769 739 840 in
758 768 866 840 divina
889 767 991 866 gloria
1015 783 1153 868 ponunt.
1173 769 1236 840 Nos
1261 769 1347 840 enim
1374 768 1509 840 dicimus
1528 769 1671 842 Verbum
1697 770 1757 842 Dei

186 891 305 962 iactum
332 916 400 961 essc
426 888 591 962 bominem
615 887 656 960 ad
679 902 819 962 nostram
845 889 999 974 salutem,
1022 903 1058 961 ut
1079 890 1325 962 similitudinem
1349 890 1483 962 coelestis
1508 889 1703 989 accipiamus
1726 905 1758 962 et

187 1011 377 1084 deificemur
404 1009 445 1082 ad
470 1010 717 1083 similitudinem
742 1010 831 1084 illius
858 1011 914 1112 qui
943 1024 1005 1094 est,
1028 1011 1206 1084 secundum
1238 1025 1405 1097 naturam,
1431 1039 1524 1085 verus
1552 1012 1653 1085 Filius
1680 1013 1757 1094 Dei,

186 1131 365 1204 secundum
382 1158 455 1204 vero
469 1158 615 1212 carnem,
635 1131 735 1204 Filius
753 1131 913 1215 bominis,
932 1131 1089 1208 Dominus
1108 1146 1217 1205 noster
1231 1132 1324 1204 Jesus
1342 1131 1497 1206 Christus.

238 1316 318 1389 XVl.
347 1317 548 1390 Confitomur
572 1317 672 1414 igitur
701 1343 802 1389 unum
829 1317 950 1398 Deum,
969 1316 1003 1389 id
1028 1330 1090 1401 est,
1113 1344 1215 1389 unum
1242 1317 1455 1417 principium,
1481 1320 1585 1392 Deum
1609 1320 1702 1418 Legis
1726 1335 1758 1392 et

188 1438 370 1534 Evangelii,
383 1439 509 1538 justum
537 1451 569 1512 et
589 1438 730 1522 bonum3
750 1452 781 1510 et
803 1465 904 1510 unum
929 1437 1107 1510 Dominum
1127 1437 1238 1509 Jcsum
1258 1438 1439 1523 Christum,
1456 1439 1560 1511 Deum
1578 1467 1705 1523 verum,
1723 1441 1758 1513 id

188 1574 251 1644 est,
273 1558 448 1657 imaginem
468 1587 577 1632 veram
601 1558 721 1632 soliusl
738 1560 803 1631 veri
826 1559 900 1642 llei3
925 1559 1079 1631 factorem
1107 1559 1253 1632 omnium
1277 1559 1452 1632 visibilium
1477 1575 1508 1632 et
1531 1561 1758 1646 invisibilium,

188 1682 306 1754 Filium
332 1679 407 1765 Dei,
429 1681 531 1754 ictum
554 1679 760 1778 unigenitum
784 1695 815 1752 et
837 1693 1009 1763 aternum,
1030 1679 1170 1756 Verbum
1194 1680 1315 1764 vivens,
1340 1681 1533 1764 subsistens,
1555 1683 1724 1782 personale
1734 1689 1760 1767 ²,

188 1829 341 1904 operans,
362 1800 451 1901 quod
470 1815 518 1874 est
536 1827 664 1901 semper
684 1827 757 1876 cum
775 1801 885 1885 Patrc;
905 1815 937 1874 ct
958 1827 1060 1874 unum
1078 1800 1235 1899 Spiritum
1257 1802 1429 1884 Sanctum;
1446 1816 1478 1874 et
1499 1801 1673 1877 adventum
1691 1806 1761 1903 glo·
1848 1867 1853 1878 .

189 1924 310 1996 riosum
327 1922 401 2014 Filii
420 1922 496 2006 Dei,
516 1920 590 2021 qui,
610 1947 705 1994 carne
727 1936 891 2020 assumpta
915 1921 955 1993 de
972 1921 1120 2018 Virgine,
1143 1947 1202 2021 pro
1225 1920 1319 1993 nobis
1344 1922 1497 1994 sustinuit
1522 1925 1706 2022 passionem
1730 1939 1762 1997 et

189 2057 341 2127 mortem,
358 2043 531 2116 resurrexit
547 2042 642 2114 tertia
660 2042 729 2126 die,
749 2043 889 2116 elevatus
906 2053 953 2114 est
969 2041 1004 2114 in
1022 2041 1138 2117 coelum
1157 2041 1361 2141 glorioseque
1380 2041 1564 2115 rediturus³
1581 2058 1643 2130 est;
1660 2072 1760 2118 unam

188 2164 363 2238 Ecclesiam
394 2177 567 2266 sanctam,-
582 2163 805 2240 remissionem
833 2177 1055 2264 peccatorum,
1087 2161 1379 2236 resurrectionemt
1401 2189 1572 2264 corporum
1606 2179 1638 2238 et
1665 2167 1760 2239 vitam

190 2299 354 2358 aternam.

241 2463 337 2536 XVll.
366 2461 566 2535 Conistcmur
583 2462 871 2536 consubstantiales
889 2489 958 2535 csso
978 2462 1067 2534 Patri
1090 2462 1208 2534 Filium
1227 2475 1259 2534 et
1278 2463 1434 2562 Spiritum
1454 2463 1624 2549 Sanctum,
1642 2480 1674 2538 et
1692 2493 1762 2538 cre-

190 2585 297 2656 dimus
317 2610 416 2656 unam
439 2582 651 2656 substantiam
667 2584 848 2668 Trinitatis,
870 2584 904 2656 id
920 2598 982 2666 cst,
999 2610 1098 2656 unam
1126 2581 1290 2656 deitatem.
1316 2583 1511 2657 Naturaliter
1533 2585 1697 2684 ingenitus
1716 2601 1763 2660 est

191 2707 298 2790 Pater,
318 2706 447 2804 genitus
464 2719 512 2780 est
526 2720 635 2779 autem
652 2735 671 2780 a
689 2706 784 2778 Patre
800 2706 917 2788 Filius,
936 2707 1144 2803 generatione
1166 2731 1257 2788 vera,
1274 2731 1341 2778 non
1359 2718 1467 2778 autem
1482 2707 1692 2806 operatione⁵
1707 2709 1762 2780 illa

191 2857 263 2929 quae
276 2841 324 2900 cst
337 2856 374 2906 ex
386 2828 567 2916 voluutatc;
580 2842 611 2900 et
624 2827 694 2926 ipso
709 2827 851 2927 Spiritus
864 2854 900 2899 cx
915 2827 1095 2898 substantia
1112 2826 1215 2898 Patris
1229 2853 1289 2925 per
1300 2826 1419 2899 Filium
1434 2827 1475 2900 ab
1491 2842 1611 2902 aeterno
1627 2830 1762 2903 emissus

190 2963 253 3036 est,
272 2949 552 3048 sanctificatorque
571 2947 667 3020 totius
683 2947 854 3020 creationis
872 2946 987 3018 existit.
1006 2947 1208 3019 Confitemur
1225 2960 1333 3019 autern
1351 2947 1553 3022 incarnatum
1572 2950 1670 3024 luisse
1687 2951 1762 3024 Ver-

189 3071 267 3144 bum
287 3085 318 3144 ct
336 3069 573 3142 manifestatum
589 3067 688 3140 luisse
707 3093 764 3166 per
781 3065 979 3139 nativitatem
995 3065 1174 3148 carnalem,
1191 3093 1208 3138 e
1223 3066 1371 3163 Virgine,
1390 3068 1512 3167 absque
1529 3068 1672 3144 bominis
1690 3099 1762 3146 coo

190 3190 368 3291 peratione.
391 3190 453 3262 Eos
472 3215 547 3261 vcro
570 3188 628 3287 qui
650 3186 891 3259 communicant
915 3212 989 3257 cum
1010 3184 1051 3256 iis
1075 3185 1132 3285 qui
1156 3186 1307 3283 rejiciunt
1328 3185 1578 3260 Consubstantialc
1605 3203 1761 3290 tanquam

189 3310 333 3383 alienum
356 3339 374 3382 a
397 3309 502 3383 Libris
521 3307 670 3412 (divinis)
689 3320 721 3380 et
740 3307 798 3406 qui
820 3307 932 3380 dicunt
953 3304 1078 3405 aliquid
1100 3305 1134 3377 in
1153 3305 1308 3378 Trinitate
1333 3320 1476 3380 creatum
1500 3335 1585 3396 esse,
1603 3309 1702 3410 idque
1718 3317 1761 3384 ειθ

189 3431 361 3506 Divinitate
381 3431 521 3504 naturali
540 3445 705 3532 separant,
726 3429 847 3502 alienos
870 3427 1086 3501 existimamus
1105 3440 1225 3500 etcum
1243 3426 1334 3499 nullo
1353 3454 1388 3500 cx
1406 3427 1475 3500 istis
1497 3431 1759 3504 communionem

188 3551 358 3626 babemus.
379 3553 468 3626 Unus
487 3552 573 3624 Deus
592 3553 699 3635 Pater,
718 3564 749 3623 et
767 3577 833 3622 una
855 3549 1015 3624 divinitas.
1042 3549 1127 3622 [leus
1145 3561 1255 3620 autem
1273 3557 1318 3620 esi
1335 3561 1366 3622 ct
1389 3549 1490 3622 Filius
1514 3550 1571 3651 qui
1587 3565 1635 3625 est
1651 3550 1758 3649 imago

187 3699 260 3746 vera
284 3673 382 3746 unius
406 3685 437 3746 ct
460 3671 560 3746 solius
583 3671 773 3756 divinitatis,
797 3671 976 3748 secundum
999 3669 1242 3768 generationem
1268 3682 1299 3743 et
1322 3685 1471 3744 naturam
1495 3698 1593 3770 quam
1618 3672 1758 3745 habeta

188 3793 293 3865 Patre.
314 3793 427 3868 Unus⁷
446 3793 564 3878 Filius,
585 3792 733 3870 similiter
756 3805 865 3872 autam
889 3806 920 3864 et
940 3791 1096 3892 Spiritus,
1116 3791 1173 3892 qui
1197 3789 1453 3864 dominationem
1473 3791 1545 3864 Filii
1571 3793 1759 3865 transmittit

186 3926 340 3986 creaturae
359 3914 535 3987 sanctitatis
553 3913 673 4014 capaci.
686 3915 723 3987 ln
741 3913 902 3988 mundum
915 3912 1002 3984 veuit
1019 3911 1343 4010 Vilius,enVirginc⁸
1354 3927 1518 4014 assumpta
1531 3940 1642 3998 carne,
1658 3941 1757 4015 quam

186 4034 320 4135 replevit
335 4036 475 4136 Spiritus
493 4036 646 4148 Sangtus,
665 4034 707 4107 ad
727 4048 870 4107 nostram
890 4033 1037 4107 omnium
1060 4033 1361 4119 sanctificationem
1382 4035 1478 4106 morti
1495 4049 1603 4108 autem
1625 4035 1757 4108 tradidit

186 4181 315 4228 carnem
331 4170 364 4230 et
380 4170 517 4228 mortem
535 4155 627 4228 solvit
643 4155 876 4226 resurrectione
895 4151 975 4255 (91)
993 4181 1068 4238 sua,
1087 4167 1220 4254 propter
1233 4154 1499 4227 resurrectionem
1516 4155 1662 4228 omnium
1682 4184 1756 4230 nos-

184 4290 287 4362 trum;
307 4278 452 4350 ascendit
465 4290 574 4350 autem
592 4276 633 4349 ad
648 4276 781 4360 coelnm,
796 4273 939 4347 exaltans
953 4287 985 4347 et
1004 4273 1186 4373 glorificans
1205 4274 1354 4346 homines
1378 4275 1411 4347 in
1430 4277 1547 4376 seipso.
1566 4277 1680 4351 Veniet
1698 4305 1756 4351 au·

182 4526 228 4582 tto
240 4531 341 4595 φύσειε,
354 4545 440 4580 vorum
458 4527 523 4580 otta
536 4523 582 4579 tto
599 4527 698 4594 φύσεις,
711 4524 737 4579 id
755 4532 803 4587 est,
820 4525 862 4579 ssd
879 4525 935 4579 ἄνω
1012 4525 1091 4580 1230.
1107 4525 1165 4566 ···¹
1185 4523 1228 4580 Gr.
1246 4525 1325 4580 omitt.
1341 4543 1421 4580 esrom
1439 4525 1521 4581 solius
1534 4559 1572 4569 -
1586 4529 1596 4562 ¹
1616 4529 1659 4584 Gr.
1675 4531 1756 4585 omitt.

183 4633 292 4690 satim
307 4639 363 4695 qum
377 4619 479 4694 quidem
493 4619 567 4676 verba
581 4618 655 4693 plane
669 4617 831 4674 ortlrodoram
842 4617 934 4672 doctri-
1004 4617 1137 4690 personnis.
1150 4621 1209 4658 -θ
1227 4617 1270 4672 Gr.
1284 4621 1319 4672 ris
1337 4619 1384 4680 riis
1403 4619 1546 4686 μέλλουσαν
1561 4618 1668 4682 ἔνδοξον
1682 4625 1759 4678 αὐτοῦ

184 4731 242 4766 narn
266 4714 414 4787 exprimunt.
435 4713 471 4766 lta
493 4711 615 4786 imprimis
635 4712 775 4766 Anastasius
797 4711 891 4765 Sinoita
908 4717 934 4764 et
1008 4711 1232 4786 vagosolam—⁴
1251 4711 1294 4766 Gr.
1312 4712 1392 4764 conas
1410 4713 1613 4770 samsonem.
1632 4719 1692 4756 —‘
1712 4716 1755 4770 Gr.

185 4805 330 4878 Euthymius
347 4803 491 4880 Zygnbenns
506 4806 547 4876 (in
560 4803 690 4876 Panopls'n,
706 4805 777 4858 titulo
794 4807 858 4876 xm).
877 4805 933 4859 Car-
1008 4803 1120 4863 «uriom.
1138 4805 1197 4844 —⁸
1216 4803 1259 4857 Gr.
1279 4801 1347 4856 addit
1366 4809 1428 4872 μιᾶς.
1446 4837 1483 4846 —
1499 4807 1509 4838 ⁷
1529 4805 1572 4860 Gr.
1592 4825 1656 4860 nous
1676 4807 1758 4862 Douni-

184 4905 266 4952 terum
286 4899 311 4952 in
327 4898 395 4953 hune
414 4897 495 4953 lorum
512 4897 636 4962 consulas,
652 4897 673 4952 si
692 4897 804 4961 libuerit,
819 4895 933 4952 Gallnndi
1007 4913 1054 4948 nus
1070 4894 1149 4969 filies.
1167 4897 1228 4937 -⁸
1248 4893 1345 4968 Syriaca
1363 4897 1442 4951 versio
1464 4915 1567 4954 errones
1594 4899 1684 4964 refert,
1705 4920 1755 4956 non

189 4991 236 5049 l'st.
250 4989 351 5046 Petrum
364 4991 473 5047 Battum
490 4992 538 5056 iil,
550 4991 644 5066 Prolsg.
662 5011 686 5066 p.
701 5009 759 5054 xm
774 4987 832 5046 llsii
843 4989 931 5062 Sos-ips.
1008 4988 1041 5043 ad
1057 4989 1197 5063 Virginem,
1214 4987 1257 5044 ssd
1276 4987 1308 5042 sd
1326 5005 1439 5052 minem,
1454 4991 1622 5063 operationem
1647 4995 1756 5067 Spiritus

190 5083 264 5138 Vstrr.
287 5084 345 5149 Vll,
370 5105 394 5159 p.
422 5085 488 5157 :7113
509 5083 621 5158 Spioisg.
648 5083 713 5138 dour.
742 5083 790 5146 lll,
815 5101 840 5156 p.
864 5083 933 5146 6653
1010 5082 1103 5138 Sancti.
1120 5081 1199 5153 Igitur
1213 5081 1320 5155 Spiritus
1334 5099 1384 5135 non
1398 5081 1489 5136 dicitur
1502 5083 1597 5159 replere
1612 5085 1755 5160 Virginem,

186 5177 275 5237 Leonis
289 5177 369 5232 Allatii
384 5177 520 5234 Distribom
531 5179 560 5232 ds
572 5176 712 5240 l'lrsodon's,
727 5195 783 5250 qua
797 5176 879 5229 omnis
895 5193 935 5229 rs-
1009 5173 1159 5230 sedcsrnem
1172 5193 1201 5229 cx
1211 5174 1312 5248 Virgine
1326 5181 1487 5250 assumptam.
1499 5177 1574 5232 iliter
1585 5197 1611 5234 se
1625 5179 1701 5234 babet
1716 5199 1755 5256 gr.

186 5272 266 5350 peries
282 5271 308 5325 in
324 5269 411 5326 Potrol.
428 5271 469 5330 Gr.
484 5273 518 5332 l.
532 5271 578 5327 col.
593 5291 642 5348 97¹
662 5278 687 5324 et
699 5269 834 5346 pracsertim
850 5287 934 5322 snos·
1011 5274 1098 5326 toxius.

1555 5405 1587 5456 23
