3990 6092
270 547 336 614 318
625 546 798 612 PATRUhl
825 545 1224 612 ANTDNlCAENORUM
1251 546 1486 614 ANALECTA.

269 723 472 796 operamque
487 698 596 768 omnia
615 723 687 795 quae
710 696 825 795 scripta
849 709 925 767 sunt
947 697 978 766 in
1005 694 1181 795 propheta,
1198 723 1258 796 per
1278 695 1367 768 mille
1389 709 1421 768 et
1444 709 1602 770 trecentos
1619 697 1704 783 dies,
1724 697 1839 783 idest,

191 809 197 823 ’
266 845 326 918 per
347 831 410 889 tres
429 845 532 889 annos
550 831 582 889 et
602 815 773 889 dimidium
795 818 883 888 anni.
902 817 1040 889 Posthac
1055 817 1192 890 surrexit
1205 816 1306 890 Judas
1321 817 1541 902 Macbabeus,
1554 819 1626 918 qui,
1644 819 1840 920 impugnans

267 953 369 1011 castra
389 939 545 1011 exercitus
563 939 729 1022 Antiochi,
751 938 870 1010 multos
893 965 929 1010 ex
947 937 1105 1009 militibus
1122 937 1253 1022 occidit,
1274 938 1354 1010 alios
1376 967 1394 1011 e
1415 953 1499 1012 terra
1521 967 1581 1012 sua
1603 941 1739 1040 expulit,
1757 941 1839 1014 civi-

266 1074 364 1132 tatem
385 1059 563 1131 Jerusalem
585 1060 683 1158 cepit,
707 1059 863 1157 templum
882 1059 1079 1160 purilicavit,
1102 1059 1259 1131 sacrificia
1279 1059 1415 1158 pristina
1437 1060 1616 1146 renovavit,
1635 1063 1726 1161 juxta
1748 1063 1837 1162 quod

265 1181 420 1280 scripturn
439 1181 535 1252 estin
551 1179 633 1251 libro
651 1178 921 1251 llaehabaeorum.
941 1180 981 1251 Et
995 1178 1035 1250 de
1050 1180 1101 1251 his
1117 1180 1249 1280 quidem
1266 1181 1323 1251 ita.

316 1358 370 1429 lll.
400 1358 448 1430 De
458 1358 579 1429 visione
592 1356 876 1428 Hebdomadarum
891 1357 935 1428 ita
948 1357 1094 1457 loquitur
1104 1356 1216 1430 doctor
1228 1384 1235 1424 :
1249 1357 1461 1456 Septuaginta
1475 1357 1548 1430 illas
1562 1357 1783 1432 hebdomadas
1801 1361 1835 1432 in

263 1479 323 1550 tria
339 1493 484 1578 tempora
501 1476 614 1550 dividit
628 1477 774 1576 angelus.
791 1477 830 1548 lu
847 1477 990 1579 primum
1004 1476 1136 1578 quidem
1152 1477 1195 1549 ita
1210 1478 1307 1550 dicit:
1321 1477 1456 1577 «Usque
1472 1475 1513 1549 ad
1526 1477 1690 1552 Christum
1704 1479 1836 1562 ducem,

263 1599 503 1671 «hebdomada
521 1612 643 1697 septem
653 1603 676 1679 ¹,
687 1631 703 1666 r
715 1627 787 1698 quae
800 1613 876 1670 sunt
892 1599 969 1669 anni
985 1598 1340 1697 quadragintanovem.
1357 1599 1450 1671 Anno
1463 1599 1551 1672 anim
1566 1600 1837 1700 vigesimaprima

265 1719 455 1818 captivitatis
469 1718 548 1791 vidit
561 1718 676 1790 Daniel
693 1719 849 1790 visionem
867 1717 960 1789 hanc.
981 1718 1099 1803 Porro,
1116 1720 1142 1790 si
1154 1719 1206 1790 his
1220 1719 1331 1818 viginti
1347 1732 1379 1791 et
1396 1720 1453 1791 uni
1472 1720 1565 1793 aunis
1580 1718 1742 1793 addantur
1757 1749 1837 1821 qua·

263 1841 412 1939 draginta
427 1867 541 1913 novem
559 1841 653 1922 anni,
672 1840 849 1939 implentur
866 1840 1071 1940 septuaginta
1087 1839 1135 1910 illi
1150 1841 1226 1911 anni
1242 1867 1301 1940 per
1315 1867 1398 1940 quos
1411 1840 1566 1913 Jcremias
1581 1841 1658 1913 dicit
1676 1843 1835 1942 populum

262 1961 426 2060 Babylone
448 1961 647 2033 remansisse.
669 1961 818 2033 Messium
843 1975 950 2032 autem
977 1960 1028 2031 hic
1050 1959 1165 2033 ducem
1182 1975 1272 2032 vocat
1290 1961 1401 2033 lesum
1420 1961 1664 2060 Bar-josedech,
1681 1989 1835 2061 magnum

262 2082 476 2166 sacerdotem,
489 2083 546 2182 qui
564 2083 723 2182 populum
742 2080 925 2181 precedens
944 2080 1062 2154 Dabele
1078 2079 1183 2153 rediit.
1204 2081 1330 2153 Deinde
1351 2079 1563 2153 hebdomade
1582 2083 1744 2181 sexaginta
1762 2083 1836 2157 dua

262 2229 334 2302 qua
352 2203 495 2275 efficiunt
510 2203 764 2302 quadringentos
784 2215 815 2274 et
835 2203 966 2300 triginta
984 2204 1065 2275 dnos
1084 2216 1287 2302 annos,p0st
1307 2203 1448 2274 reditum
1471 2203 1584 2303 populi
1607 2203 1741 2289 Dahcle,
1759 2219 1836 2277 sunt

262 2321 494 2423 quadringenti
512 2337 544 2396 et
563 2323 695 2421 triginta
719 2323 785 2396 duo
807 2325 885 2396 anni
909 2324 966 2423 qui
990 2324 1182 2395 effluxerunt
1204 2351 1308 2423 usque
1331 2323 1373 2396 ad
1393 2323 1568 2396 adventum
1591 2325 1720 2398 Christi.
1743 2325 1836 2398 Tunc

266 2444 399 2545 quidem
422 2445 527 2516 veniet
551 2445 714 2528 Christus,
738 2443 795 2544 qui
818 2459 866 2516 est
879 2444 1005 2543 justitia
1030 2473 1049 2516 a
1075 2444 1208 2529 seculo,
1234 2457 1266 2516 et
1288 2459 1417 2517 sanctus
1441 2437 1643 2530 sanctorum,
1669 2445 1835 2519 dimittens

262 2579 408 2664 peccata,
437 2565 602 2636 remittens
625 2564 732 2636 debita
757 2565 919 2650 fidelium,
948 2565 1113 2665 complens
1140 2566 1278 2637 visiones
1306 2579 1338 2636 et
1361 2566 1558 2666 prophetias.
1586 2568 1676 2638 'lunc
1699 2567 1835 2666 quidem

260 2683 347 2786 (AD)
363 2712 534 2784 suppresso
556 2700 772 2786 evacuatoque
790 2700 951 2785 tempore,
970 2687 1209 2786 constitutoque
1230 2686 1342 2758 multis
1360 2701 1566 2790 testamento,
1584 2690 1690 2761 veniet
1704 2689 1835 2762 bebdo-

260 2805 358 2876 mada
377 2806 432 2876 illa
448 2805 579 2889 ultima,
600 2833 671 2906 quae
686 2807 795 2880 relicta
813 2807 886 2878 luit.
905 2806 1113 2906 Postquam,
1133 2808 1307 2906 predicato
1326 2807 1498 2906 Evangelio
1516 2809 1551 2880 in
1569 2809 1717 2881 universo
1735 2809 1833 2894 orbe,

259 2926 409 2998 adveniet
427 2926 512 2998 linis.
530 2927 566 2998 ln
582 2928 643 2999 hac
660 2927 865 2999 hebdomada
884 2927 1038 2999 redibunt
1055 2927 1140 3000 Elias
1158 2942 1190 3000 et
1209 2928 1358 3010 Henoch,
1376 2942 1407 3001 et
1429 2930 1462 3000 in
1483 2929 1589 3001 media
1607 2929 1831 3014 bebdomada,

260 3048 429 3146 apparebit
451 3048 648 3120 abominatio
670 3049 879 3121 desolationis
900 3048 1102 3134 Antichristi,
1128 3051 1184 3149 qui
1212 3048 1335 3123 mundo
1357 3049 1589 3122 desolationem
1612 3051 1831 3124 annuntiabit.

260 3169 334 3253 Quo
352 3167 505 3253 advento,
523 3169 678 3243 tollentur
694 3171 823 3242 victima
841 3184 873 3242 et
889 3170 1002 3242 allusio
1021 3171 1093 3255 illa,
1113 3197 1185 3271 que
1200 3169 1298 3244 hodie
1315 3171 1350 3242 in
1364 3171 1505 3243 ecclesiis
1520 3171 1710 3243 olleruntur.

311 3346 362 3418 lV.
392 3345 513 3418 lterum
531 3362 657 3432 autem,
674 3347 713 3419 de
728 3347 778 3419 his
792 3375 864 3448 quae
880 3348 913 3418 in
928 3348 989 3420 hac
1004 3347 1127 3420 visione
1140 3361 1325 3432 narrantur,
1342 3347 1387 3419 ita
1404 3346 1568 3448 loquitur:
1586 3347 1637 3419 «Τ
1637 3374 1687 3420 res
1699 3347 1831 3450 quidem

259 3465 332 3538 oilli
351 3494 457 3565 reges,
475 3469 533 3568 qui
549 3469 585 3540 in
603 3467 734 3541 Perside
753 3482 936 3568 assurgent,
957 3482 988 3540 et
1006 3483 1139 3570 quartus
1163 3469 1220 3569 qui
1244 3495 1379 3566 magnas
1399 3467 1524 3540 divitias
1547 3469 1736 3570 acquiretln
1755 3483 1832 3540 sunt

259 3587 326 3671 isti,
347 3587 464 3660 Darius
485 3616 619 3690 nempe,
639 3588 695 3688 qui
715 3589 868 3660 successit
885 3588 983 3685 Cyro,
1002 3588 1202 3671 Artaxerxes,
1226 3587 1358 3673 Xerxes,
1382 3600 1515 3690 quartus
1541 3589 1673 3661 deurum
1697 3589 1830 3672 Darius,

258 3707 313 3780 ille
326 3723 519 3810 postremus.
540 3709 718 3793 «Posthac,
737 3709 797 3792 ait,
817 3721 927 3806 surget
945 3735 999 3780 rex
1014 3707 1120 3791 sortis,
1137 3707 1194 3809 qui
1213 3709 1345 3782 intrabit
1363 3709 1396 3781 in
1415 3709 1496 3782 fines
1513 3736 1626 3808 regum
1643 3709 1829 3809 AEgypti³.n

258 3828 315 3900 llle
333 3843 380 3900 est
398 3830 574 3901 Antiochus
591 3827 791 3927 Epiphanes,
809 3827 865 3927 qui
887 3827 990 3924 coegit
1009 3826 1137 3900 Judaeos
1155 3829 1259 3927 legem
1274 3830 1394 3904 violare
1414 3828 1613 3902 immolando
1632 3844 1664 3902 et
1685 3828 1829 3903 mandu-

258 3950 361 4021 cando
381 3976 510 4021 carnem
528 3949 711 4049 porcinam,
728 3961 759 4020 et
779 3948 930 4020 adversus
949 3975 1047 4049 quem
1069 3949 1251 4049 praeliantes
1272 3965 1370 4051 atque
1389 3949 1554 4050 quoddam
1570 3949 1725 4023 auxilium
1743 3949 1830 4022 reci-

258 4071 382 4168 pientes
403 4069 597 4142 lllathathias
616 4069 741 4168 filiique
760 4071 844 4168 ejus,
866 4070 1058 4155 llaehahaei,
1077 4070 1271 4172 expulerunt
1288 4072 1443 4145 exercitus
1461 4073 1530 4169 ejus
1548 4069 1588 4143 de
1608 4071 1728 4144 linibus
1743 4072 1826 4154 suis,

258 4202 404 4289 utsupra
422 4189 544 4262 dictum
562 4204 620 4262 est.

308 4367 345 4438 V.
373 4368 413 4438 Et
425 4367 542 4439 iterum
561 4367 638 4440 dicit
655 4370 695 4440 de
718 4369 785 4441 filia
806 4371 889 4468 regis
907 4371 1050 4472 AEgypti,
1070 4399 1141 4471 quae
1160 4371 1261 4455 venit,
1276 4371 1346 4469 ipsa
1362 4383 1392 4442 at
1411 4369 1475 4441 duo
1492 4367 1550 4440 lilii
1569 4369 1670 4467 ejusl,
1689 4369 1829 4442 Alexan-

257 4488 314 4560 der
332 4486 590 4588 Ptolemaeusque
608 4487 819 4576 Philometor,
839 4504 874 4563 ut
893 4491 1013 4564 loedora
1027 4493 1115 4592 pacis
1133 4492 1230 4563 iniret
1247 4518 1319 4562 cum
1339 4488 1511 4573 Antiocho,
1531 4517 1606 4588 rege
1624 4489 1740 4590 Syrie,
1755 4517 1827 4588 qua·

256 4635 329 4682 curn
345 4609 483 4682 venisset
500 4609 641 4682 Datchan
662 4638 781 4712 usque,
802 4611 855 4684 hic
871 4613 973 4685 occisa
992 4625 1053 4696 est,
1072 4613 1227 4712 quoniam
1245 4611 1299 4684 ille
1318 4610 1375 4710 qui
1397 4611 1578 4684 adducebat
1595 4637 1666 4682 eam
1684 4609 1829 4711 prodidit

255 4730 356 4803 illam.
377 4731 503 4805 Deinde
522 4733 667 4830 regnavit
684 4732 718 4804 in
731 4733 868 4833 AEgypto
885 4733 1093 4816 Ptolemaeus,
1112 4732 1185 4833 qui,
1202 4733 1332 4806 veniens
1353 4747 1383 4804 ct
1397 4733 1547 4832 praelians
1563 4759 1634 4803 cum
1652 4729 1826 4814 Antiocho,

255 4866 367 4925 contra
384 4851 477 4925 illurn
494 4853 651 4939 invaluit,
667 4853 755 4926 unde
767 4854 970 4927 Antiochiam
988 4881 1092 4953 usque
1110 4853 1222 4951 lugere
1241 4867 1368 4926 coactus
1387 4867 1434 4926 est
1450 4853 1644 4925 Antiochus:
1662 4852 1828 4952 ipsiusque

256 4988 469 5059 armaturam,
490 5001 622 5060 aurum,
640 4989 810 5074 argentum
825 4989 857 5048 et
866 4975 953 5048 idola
969 4975 1099 5074 capiens
1118 4973 1311 5048 Ptolemaeus
1321 4973 1453 5048 deduxit
1468 4973 1501 5046 in
1517 4975 1700 5074 AEgyptum.
1711 4971 1827 5044 Postea

255 5107 381 5179 autem,
405 5109 514 5168 coacto
541 5097 680 5168 exercitu
703 5096 823 5182 multo,
847 5096 1010 5169 renovavit
1031 5095 1156 5169 bellurn
1177 5096 1353 5171 Antiochus
1376 5095 1528 5169 adversus
1551 5120 1659 5196 regern
1683 5092 1826 5194 AEgypti,

292 5319 299 5352 ¹
320 5315 417 5380 Daniel,
432 5337 468 5380 rx,
484 5321 526 5374 ab.
540 5322 599 5362 —¹
618 5317 677 5374 lbid.
692 5338 729 5384 xv,
746 5321 838 5373 a.—³
857 5317 916 5373 lln'd.
934 5321 958 5374 3.
974 5321 1031 5362 ..t
1050 5318 1109 5374 lbid.
1125 5321 1150 5374 6.
