4006 6098
286 539 354 606 350
637 535 809 604 Parnon
833 533 1230 605 ANTENICAENORUM
1260 532 1502 602 Anxanum.

286 683 461 787 pellamus,
482 697 634 782 tanquam
654 681 850 783 principium
873 685 943 780 ojus
965 697 997 755 ει
1020 683 1199 780 genitorem
1224 681 1321 756 illius.
1342 683 1462 758 Eadem
1487 697 1596 756 autem
1617 697 1650 756 et
1670 683 1712 758 dc
1728 685 1862 786 Spiritu

286 807 405 880 Sancto
426 832 498 876 cum
519 803 600 878 Filio
619 816 750 878 tenente
772 802 928 876 unitatem
946 829 1045 902 quarn
1063 803 1165 876 Filius
1179 803 1279 876 habet
1295 830 1369 876 cum
1387 804 1482 878 Patre
1495 804 1649 888 dicimus,
1667 806 1712 878 ita
1731 819 1766 878 ut
1779 833 1862 880 nos-

285 941 378 1000 catur
395 925 528 1026 quidem
544 924 722 1025 hypostasis
739 924 860 1008 Patris,
879 924 1095 1026 appellatione
1111 924 1185 1008 Dei,
1204 923 1283 1022 quin
1301 925 1535 1024 praeseindatur
1551 927 1593 998 ab
1610 926 1671 998 lrac
1684 927 1800 1010 Filius,
1817 944 1862 1000 ut

286 1048 395 1148 quiex
413 1048 480 1119 Deo
497 1061 554 1118 εει.
573 1046 729 1118 Noscatur
746 1057 853 1117 autem
870 1059 902 1116 et
915 1071 1053 1144 persona
1066 1045 1140 1118 Filii
1156 1045 1373 1144 appellatione
1388 1044 1535 1131 Domini;
1553 1074 1621 1118 non
1639 1060 1746 1120 autem
1761 1075 1859 1148 sepa-

286 1182 376 1242 retur
394 1168 435 1240 ah
459 1168 520 1240 hac
541 1167 628 1240 Deus
654 1167 779 1249 Pater¹,
799 1165 856 1264 qui
874 1179 922 1238 εει
939 1165 1096 1238 Dominus
1119 1179 1156 1238 ut
1173 1167 1268 1238 Pater
1285 1167 1435 1240 Domini:
1455 1167 1611 1266 quoniam
1630 1167 1704 1240 Filii
1721 1168 1856 1268 quidem

286 1291 453 1390 proprium
471 1301 518 1362 est
543 1300 578 1360 ιιι
600 1287 641 1360 sit
664 1286 821 1360 Dominus
844 1314 956 1361 eorum
974 1314 1046 1386 quac
1069 1287 1137 1386 ipse
1160 1287 1292 1369 crearit,
1309 1299 1341 1358 et
1365 1287 1522 1360 Dominus
1545 1314 1657 1362 eorum
1674 1316 1747 1389 quae
1770 1290 1856 1362 lacta

285 1425 371 1484 sunt.
390 1411 479 1483 Patri
497 1421 606 1482 autem
625 1407 792 1507 proprium
809 1407 898 1506 quod
916 1412 1127 1506 supremum²
1145 1421 1214 1488 est,
1229 1421 1266 1480 ut
1284 1409 1341 1508 qui
1361 1421 1407 1480 est
1423 1408 1519 1481 Peter
1535 1409 1624 1482 illius
1646 1411 1704 1510 qui
1722 1423 1769 1483 est
1785 1411 1857 1484 Do-
1983 1419 1984 1432 ¹

285 1531 403 1603 minus.
416 1530 469 1602 Sic
479 1529 668 1600 Trinitatem
686 1555 788 1599 unum
804 1529 910 1600 Dcum
924 1528 1077 1610 dicimus,
1088 1529 1146 1600 sed
1163 1556 1248 1612 non,
1264 1543 1418 1629 tanquam
1434 1556 1470 1602 ox
1486 1530 1719 1629 compositione
1737 1531 1853 1614 trium,

286 1657 409 1724 unum³
424 1650 572 1722 novimus
589 1681 596 1720 :
617 1649 720 1720 omnis
737 1649 823 1720 enim
848 1677 921 1749 pars
936 1676 1002 1721 non
1019 1663 1066 1721 εει
1081 1650 1238 1748 perlecta,
1258 1649 1412 1750 quoniam
1431 1677 1467 1722 ex
1483 1651 1713 1750 compositione
1728 1652 1854 1725 subsis-

287 1772 339 1856 tit;
358 1772 430 1855 scd,
454 1771 536 1844 sicut
552 1769 705 1872 (Patere)
725 1783 817 1870 pater
839 1751 887 1842 est
913 1771 1038 1842 ratione
1061 1769 1213 1872 principii
1239 1785 1270 1842 et
1294 1771 1528 1869 generationis,
1549 1771 1593 1843 ita
1612 1770 1748 1874 (Filius)
1766 1773 1857 1846 lilius

285 1906 333 1964 εει
354 1891 429 1994 quia
453 1905 500 1964 est
519 1891 626 1989 imago
647 1903 678 1962 ει
698 1891 867 1990 progenies
890 1891 1009 1978 Patris3
1029 1919 1130 1992 quare
1150 1891 1268 1992 siquis
1288 1892 1374 1964 dicat
1395 1893 1559 1992 quomodo
1580 1921 1666 1966 unus
1688 1894 1728 1966 sit
1749 1895 1855 1978 Deus,

284 2015 310 2085 si
329 2013 431 2087 Filius
455 2014 533 2115 qui⁵
557 2041 593 2085 ex
614 2014 682 2085 Deo
710 2027 758 2086 est
779 2013 820 2084 sit
844 2014 953 2085 Deus?
975 2013 1243 2114 respondebimus
1264 2014 1325 2086 boc
1346 2011 1518 2115 (intelligi)
1539 2013 1664 2086 ratione
1685 2013 1855 2115 principii,

284 2135 440 2237 quoniam
464 2162 567 2206 unurn
592 2148 639 2206 est
660 2135 875 2234 principium,
895 2127 1000 2206 Pater.
1022 2135 1062 2206 Et
1082 2135 1216 2218 iterum,
1234 2133 1350 2234 siquis
1372 2135 1513 2235 postulet
1531 2135 1695 2236 quomodo
1715 2163 1803 2208 unus
1815 2137 1858 2206 sit

284 2257 457 2341 Dominus,
471 2255 632 2355 siquidem
647 2256 742 2327 Pater
762 2267 809 2326 est
827 2255 1000 2338 Dominus,
1018 2255 1102 2327 hanc
1124 2281 1234 2328 rursus
1255 2255 1498 2355 responsionem
1520 2254 1685 2342 dabimus,
1703 2255 1765 2327 hoc
1785 2283 1857 2328 esse
1983 2257 1984 2284 l

284 2379 360 2479 quia
375 2379 472 2454 Pater
489 2375 621 2448 Domini
636 2389 698 2460 est,
717 2388 749 2448 et
767 2403 831 2448 non
848 2389 993 2448 occurret
1011 2375 1149 2476 amplius
1164 2375 1259 2448 nohis
1275 2375 1336 2446 hoc
1352 2375 1500 2448 dubium.
1517 2373 1602 2478 (87)

334 2599 386 2672 ΙΧ.
414 2600 454 2671 Ει
480 2597 613 2681 iterum,
635 2597 662 2668 si
687 2596 825 2669 dixerint
854 2597 946 2697 impii
973 2598 1135 2696 quomodo
1164 2583 1230 2670 non
1258 2586 1322 2670 sint
1352 2612 1415 2669 tres
1437 2597 1482 2670 dii
1508 2611 1571 2671 tres
1598 2625 1760 2698 personae,
1779 2627 1853 2700 quae

283 2748 383 2793 unam
399 2719 522 2790 hahent
541 2715 764 2789 divinitatem?
782 2716 1016 2816 respondemus
1033 2719 1108 2817 quia
1125 2718 1211 2790 Deus
1230 2730 1277 2790 est
1296 2717 1492 2818 principium
1508 2732 1539 2790 et
1555 2733 1648 2818 pater
1665 2721 1690 2792 F
1691 2720 1755 2802 ilii;
1774 2721 1852 2820 quia

282 2841 384 2913 Filius
402 2852 449 2910 est
466 2839 572 2936 imago
592 2850 623 2910 et
641 2838 850 2937 progenitura
866 2837 985 2922 Patris,
1005 2865 1071 2910 non
1091 2851 1199 2910 autem
1219 2839 1316 2910 irater
1335 2840 1420 2937 ejus;
1439 2852 1471 2910 et
1488 2839 1564 2938 quia
1579 2839 1719 2939 Spiritus
1736 2840 1850 2912 simili-

284 2976 332 3035 ter
351 2959 489 3062 Spiritus
503 2959 563 3030 Dei
581 2973 642 3043 est,
661 2958 744 3030 sicut
763 2959 918 3061 scriptum
936 2941 1006 3030 est:
1025 2960 1188 3059 «Spirims
1205 2961 1293 3032 Deus
1309 2965 1415 3032 esta„
1432 2959 1471 3031 Et
1485 2959 1574 3059 prius
1593 2959 1726 3060 quidem
1743 2989 1761 3032 a
1776 2989 1852 3061 pro·

283 3083 379 3183 pheta
408 3079 509 3154 David
526 3077 666 3180 (dictum
689 3076 752 3180 est)
776 3092 889 3152 notum
913 3107 982 3152 esse
1009 3079 1130 3154 acoelos
1153 3107 1221 3152 esse
1239 3079 1336 3152 verbo
1361 3079 1492 3152 Domini
1515 3079 1660 3152 firmatos
1682 3094 1713 3152 et
1734 3080 1849 3179 spiritu

283 3203 373 3275 noris
393 3203 462 3300 ejus
480 3227 591 3274 omnes
605 3200 738 3304 virtutes
759 3200 950 3272 illumm⁷.n
966 3201 1021 3284 Et,
1038 3201 1071 3272 in
1095 3201 1254 3302 principio
1273 3228 1408 3300 operum
1431 3199 1607 3284 Geneseos,
1627 3201 1780 3300 scriptum
1804 3217 1853 3274 est

277 3325 325 3414 ita
342 3352 350 3391 :
369 3323 434 3396 «Et
448 3322 589 3423 Spiritus
608 3321 668 3394 Dei
682 3321 848 3394 insidens⁸
867 3336 935 3396 erat
954 3321 1092 3422 desuper
1109 3327 1270 3421 aqnas⁰.n
1287 3321 1409 3394 Paulus
1425 3348 1500 3395 xero
1515 3321 1658 3394 scribens
1675 3321 1717 3392 ad
1734 3322 1851 3394 Roma·

276 3473 341 3518 nos
359 3443 462 3516 dixit:
482 3444 569 3516 «Vos
586 3457 777 3516 autemnon
796 3443 870 3514 estis
887 3444 923 3516 in
941 3444 1122 3528 carne,sed
1139 3443 1174 3514 in
1191 3443 1334 3542 Spiritu,
1351 3443 1378 3514 si
1395 3456 1502 3515 tamen
1519 3442 1660 3542 Spiritus
1678 3443 1737 3515 Dei
1758 3442 1852 3514 habi-

282 3580 354 3640 atat
372 3567 406 3638 in
419 3566 584 3638 vobis10.»
601 3565 641 3636 Et
654 3565 770 3636 iterum
786 3563 864 3636 dixit
877 3592 883 3631 :
898 3564 958 3636 «Si
971 3577 1078 3636 autern
1090 3564 1230 3662 Spiritus
1243 3565 1313 3662 ejus
1324 3564 1381 3662 qui
1391 3564 1553 3636 suscitavit
1565 3564 1677 3636 lesum
1688 3563 1851 3637 Christum

283 3715 344 3762 aex
368 3687 504 3761 mortuis
523 3686 648 3758 habitat
668 3686 703 3758 in
718 3685 823 3770 vohis,
840 3686 898 3784 qui
916 3685 1077 3758 suscitavit
1095 3682 1257 3758 Christum
1282 3713 1300 3758 a
1318 3685 1454 3757 mortuis
1470 3685 1640 3758 vivificabit
1655 3699 1687 3758 et
1703 3686 1851 3758 mortalia

283 3837 443 3911 «corpora
461 3822 580 3894 vestra,
597 3836 654 3908 por
672 3807 909 3882 inhabitantem
927 3808 1085 3908 Spiritum
1101 3808 1170 3905 ejus
1185 3807 1219 3879 in
1235 3807 1325 3880 vohis
1335 3812 1372 3878 ¹¹.
1383 3839 1398 3876 n
1410 3807 1450 3878 Ει
1467 3809 1606 3880 iterum:
1622 3808 1851 3908 «Quicumque

282 3932 430 4031 «Spiritu
449 3931 509 4002 Dei
526 3943 678 4028 aguntur,
695 3929 730 4000 hi
744 3929 803 4001 lilii
820 3929 880 4001 Dei
897 3943 989 4014 sunt,
1008 3956 1073 4001 non
1091 3930 1178 4002 enirn
1202 3929 1366 4028 accepistis
1388 3929 1537 4028 spiritum
1554 3930 1714 4001 servitutis
1733 3929 1851 4000 iterum

282 4052 342 4124 ein
365 4052 496 4136 timore,
515 4051 571 4124 sad
590 4051 755 4149 accepistis
772 4051 921 4150 spiritum
943 4050 1126 4150 adoptionis
1150 4051 1292 4123 filiorum
1307 4051 1341 4122 in
1360 4076 1425 4148 quo
1444 4049 1640 4122 clamamus:
1659 4049 1766 4134 Abba,
1788 4049 1852 4120 Pa-

282 4185 356 4246 atcr
367 4177 431 4247 ¹².»
446 4173 486 4246 Et
497 4173 633 4244 iterum:
649 4172 847 4244 «Veritatem
867 4171 938 4243 dico
952 4172 986 4243 in
1003 4173 1128 4244 Christo
1147 4184 1179 4244 et
1196 4199 1262 4244 non
1280 4171 1430 4256 mentior,
1450 4169 1670 4242 testimoninm
1684 4170 1850 4270 praebente

283 4295 388 4368 amihi
403 4294 583 4366 conscentia
598 4321 670 4366 mea
685 4292 719 4365 in
735 4291 859 4392 Spiritu
877 4293 995 4366 Sancto
1008 4298 1071 4364 ¹³.o
1088 4293 1127 4364 Et
1145 4293 1288 4365 iterum:
1308 4293 1421 4364 «Deus
1438 4305 1545 4364 autem
1562 4291 1630 4390 spei
1647 4291 1781 4391 impleat
1796 4318 1850 4362 vos

283 4415 427 4514 «gaudio
442 4427 474 4487 et
489 4441 568 4514 pace
586 4426 623 4486 ιιι
639 4412 806 4486 credentes
824 4413 995 4486 abundetis
1013 4414 1048 4486 in
1066 4441 1122 4514 spe
1141 4427 1173 4486 ει
1187 4413 1220 4484 in
1234 4413 1350 4485 virtute
1366 4412 1507 4512 Spiritus
1524 4411 1636 4484 Sancti
1649 4415 1712 4481 ¹2.»

332 4629 369 4701 ll.
394 4629 434 4701 Et
448 4631 581 4711 iterum,
596 4626 737 4700 scribens
753 4626 794 4698 ad
809 4627 939 4699 eosdem
955 4627 1133 4711 Romanos,
1150 4626 1294 4724 loquitur
1313 4627 1356 4696 ita
1372 4653 1380 4693 ε
1398 4625 1583 4697 «Audacius
1599 4623 1690 4696 vohis
1707 4650 1743 4695 ex
1761 4639 1852 4724 parte

283 4749 436 4848 ascripsi,
459 4763 614 4849 tanquam
636 4746 670 4818 in
688 4747 878 4820 memoriam
896 4775 950 4821 vos
970 4748 1142 4832 reducem,
1163 4760 1296 4845 propter
1313 4748 1449 4844 gratiam
1472 4773 1544 4848 quae
1569 4746 1642 4818 data
1666 4759 1713 4818 cst
1734 4745 1815 4817 mihi
1833 4773 1852 4816 a

292 5058 295 5064 ‚
320 5023 327 5054 ¹
348 5019 391 5074 Gr.
404 5019 483 5074 omitt.
495 5017 574 5074 Pater,
587 5022 648 5060 -2
668 5018 712 5074 Gr.
727 5017 843 5091 ἀνωτέρω
858 5015 980 5089 ύτειρχσε.
992 5047 1029 5058 -
1104 5016 1181 5075 θεός.
1192 5019 1249 5056 -⁶
1266 5013 1350 5070 Ionan.
1365 5035 1397 5079 rr,
1412 5015 1455 5070 alt.
1465 5017 1522 5055 -⁷
1541 5013 1581 5068 Pa.
1598 5033 1672 5079 run,
1687 5015 1713 5068 o.
1725 5017 1788 5055 —⁸
1806 5013 1855 5070 llio

281 5115 291 5144 ³
312 5113 355 5168 Gr.
365 5116 409 5166 tva
419 5111 513 5167 rideres.
520 5113 574 5154 —⁴
594 5113 636 5168 Gr.
646 5113 703 5164 ἀλλ’
711 5114 743 5164 ὡς
753 5113 816 5184 ὅπερ
829 5110 899 5163 tatto
909 5112 923 5160 ὁ
933 5112 1028 5182 Πατήρ.
1105 5109 1248 5184 ingntextu
1257 5110 1399 5182 ἐπεφέρετο
1407 5115 1434 5161 ιιι
1441 5109 1467 5163 in
1476 5108 1597 5162 axx-viruli
1604 5108 1782 5162 versione-⁹
1794 5105 1852 5162 Gur.

281 5206 379 5278 Syriaca
387 5207 461 5260 etiarn
469 5206 547 5261 versio
556 5204 631 5260 semel
641 5212 736 5258 tanturn
747 5202 821 5258 habet
832 5201 936 5256 Poterat
944 5201 1027 5258 Fata.
1106 5223 1127 5266 r,
1143 5223 1168 5258 a.
1179 5235 1216 5246 *-
1230 5206 1248 5236 ¹⁰
1267 5200 1307 5256 dd
1320 5201 1417 5256 Roman
1432 5221 1486 5263 rur.
1504 5219 1529 5272 9.
1540 5233 1578 5242 -
1588 5205 1605 5235 ¹¹
1620 5200 1679 5256 lbid.
1691 5219 1750 5264 rrrx,
1765 5220 1854 5254 xx.-

282 5302 334 5338 -—⁵
354 5299 483 5354 Gnomitt.
493 5299 569 5352 Filias
578 5297 773 5370 pui‚ot,horum
782 5296 846 5359 loco,
855 5295 951 5369 legitis
959 5303 1031 5362 θεοῦ
1106 5297 1123 5330 '²
1136 5295 1194 5351 lln'd
1205 5315 1262 5360 ern,
1273 5297 1303 5352 xlx
1313 5335 1320 5360 ,
1330 5290 1370 5350 15.
1378 5299 1438 5340 --18
1448 5293 1507 5350 lln'd
1520 5314 1555 5358 rx,
1569 5315 1594 5368 9.
1605 5325 1642 5336 -
1652 5296 1669 5330 ¹⁸
1689 5293 1750 5350 lbid.
1761 5313 1798 5358 rr,
1811 5295 1854 5348 13.
