3982 6082
749 621 1099 690 PROLEGONlENA.
1664 653 1713 696 xxx

137 775 230 850 rudis
255 788 288 848 et
312 775 453 847 incertus
477 786 556 846 erat.
582 774 646 847 Nec
671 773 800 864 officere
823 769 921 845 debet
938 799 996 846 vox
1015 773 1283 858 consubstantialia
1299 803 1392 862 nam,
1411 777 1445 849 in
1468 777 1564 850 titulo
1586 790 1713 852 tantum

137 897 270 996 legitur,
283 909 319 968 nt
339 895 565 969 animadvertit
576 895 614 968 V.
631 893 758 994 Ryssel,
774 905 807 967 et
826 893 964 995 proinde
979 894 1020 968 ab
1036 908 1166 968 anctore
1182 896 1323 996 epistola
1340 898 1541 999 probabilius
1555 925 1621 972 non
1639 927 1715 1000 pro-

139 1019 242 1102 venit,
262 1017 321 1090 sed
338 1044 356 1090 a
379 1015 485 1090 scriba
501 1029 559 1090 ant
575 1043 647 1116 syro
666 1015 867 1088 translatore.
886 1014 956 1087 Imo
970 1015 1056 1088 tituli
1073 1017 1308 1120 nominumque
1320 1021 1527 1120 propriorum
1546 1011 1714 1096 varietates

141 1139 366 1212 demonstrant
389 1137 711 1238 superscriptionem,
735 1136 844 1237 aliquo
875 1148 1019 1236 tempore
1042 1151 1117 1238 post
1139 1138 1292 1238 scriptam
1317 1139 1502 1241 epistolam,
1525 1141 1589 1242 ipsi
1616 1143 1716 1216 luisse

141 1259 299 1333 adnexam
319 1273 350 1331 et
370 1258 507 1359 proinde
524 1258 648 1332 nullius
671 1285 739 1331 esse
759 1256 967 1331 auctoritatis.
988 1257 1143 1344 Domum,
1160 1260 1319 1335 terminus
1340 1262 1462 1360 syriace
1481 1275 1655 1362 usurpatus
1673 1263 1716 1336 ad

141 1379 388 1478 significandam
404 1377 730 1452 mualstoatr'olitetaa
745 1381 855 1468 theb-l
878 1411 926 1462 a:
944 1391 993 1453 est
1012 1379 1120 1480 potius
1140 1379 1300 1466 insolens,
1316 1380 1479 1483 siquidem
1495 1382 1715 1484 frequentius,

143 1515 216 1603 post
237 1500 486 1574 controversiam
502 1500 671 1584 Ariorum,
689 1500 828 1599 legimus
844 1527 955 1575 vocem
977 1499 1058 1588 lus
1079 1533 1138 1584 aa.
1160 1500 1254 1576 Unde
1276 1502 1390 1576 titulus
1411 1503 1555 1604 epistolae
1572 1504 1717 1604 adjectus

145 1649 207 1696 nos
226 1621 334 1695 adhuc
353 1621 450 1695 refert
472 1621 514 1694 ad
536 1620 786 1694 remotissimam
807 1635 952 1709 etatem,
972 1622 1048 1696 licet
1071 1623 1253 1724 primitivus
1275 1649 1342 1698 non
1366 1624 1419 1698 sit.
1442 1625 1491 1698 Ah
1513 1625 1608 1698 initio
1628 1625 1717 1700 enim
1744 1721 1748 1731 Ι

143 1743 275 1843 Epistola
305 1742 348 1815 od
375 1741 563 1842 Phdegriam
593 1769 700 1816 sermo
728 1756 837 1816 noster
874 1744 1121 1830 inscribebatur,
1157 1771 1315 1845 vocesque
1349 1751 1429 1845 περὶ
1464 1750 1628 1826 &macros
1660 1759 1717 1820 aut

144 1867 255 1954 lieth!
283 1896 330 1947 aa
346 1877 444 1974 §gas
458 1863 618 1963 posterius
631 1862 761 1962 adjectae
778 1863 922 1939 luerunt.
940 1864 1104 1964 Denique,
1121 1865 1148 1935 si
1163 1865 1298 1964 quaestio
1315 1865 1507 1940 secundaria
1524 1866 1567 1942 de
1584 1866 1717 1940 nomine

142 1985 203 2057 riri
218 1982 263 2057 ad
275 2011 374 2086 quem
390 1983 525 2084 epistola
542 1982 693 2081 dirigitur
706 1983 888 2058 dirimenda
906 1985 963 2069 sit,
980 1983 1074 2058 nobis
1090 1982 1218 2056 videtur
1232 2011 1352 2060 nomen
1369 1985 1571 2084 Philagrium
1588 2013 1717 2062 servan-

143 2105 226 2178 dam
244 2131 324 2178 esse.
334 2104 414 2178 Nam
431 2131 552 2179 nomen
565 2104 694 2203 Evagrii
711 2104 883 2180 inductum
899 2131 977 2180 sane
992 2105 1054 2178 luit
1066 2104 1107 2176 ab
1122 2105 1161 2177 iis
1177 2105 1235 2206 qui
1250 2104 1422 2206 epistolam
1436 2120 1546 2180 sancto
1560 2106 1716 2204 Gregorio

142 2224 360 2310 Nazianzeno,
379 2239 488 2300 sancto
511 2225 630 2300 Basilio
651 2238 709 2300 aut
731 2239 843 2300 sancto
866 2226 1021 2326 Gregorio
1047 2226 1190 2325 Nysseno
1212 2224 1459 2325 adjudicabant,
1480 2226 1557 2328 quia
1580 2227 1717 2302 istorum

141 2359 288 2446 tempore
299 2345 374 2419 vixit
385 2345 541 2446 Euagrius
555 2346 725 2432 Ponticas,
738 2347 796 2446 qui
808 2373 882 2420 cum
896 2347 1014 2421 sanctis
1025 2345 1077 2418 his
1090 2345 1165 2418 viris
1176 2343 1331 2446 frequens
1344 2347 1573 2420 commercium
1588 2347 1716 2422 habuit.

142 2467 267 2540 Nomen
285 2465 486 2565 Philagrius,
498 2493 571 2540 cnm
586 2494 660 2541 raro
679 2468 1084 2568 usurpetur,immutatum
1103 2467 1165 2540 luit
1181 2467 1215 2540 in
1231 2471 1409 2567 Ectctyproa3
1425 2467 1483 2542 sed
1504 2467 1587 2541 illud
1605 2495 1716 2542 verum

142 2614 212 2660 esse
237 2613 358 2661 nomen
386 2585 597 2660 admittimus.
622 2589 735 2689 Neque
761 2588 804 2661 ad
827 2588 1061 2690 Porphyrium,
1088 2587 1248 2662 celebrem
1274 2588 1506 2690 philosophum
1533 2615 1717 2690 paganum,

143 2707 350 2807 cogitmdum
368 2721 431 2794 est,
451 2722 488 2782 ut
509 2709 688 2811 maspicatus
706 2723 755 2782 est
771 2709 898 2808 Ryssel‚
917 2710 1073 2812 quoniam
1092 2709 1157 2811 ipsi
1176 2708 1355 2784 Sabelliani
1374 2709 1569 2811 quibuscum
1587 2724 1718 2784 sanctus

143 2829 317 2929 Gregorius
327 2829 589 2929 Thaumat'urgos
599 2831 773 2931 saepissime
784 2858 917 2905 manum
928 2831 1107 2916 conseruit,
1118 2830 1313 2904 accusabant
1323 2831 1532 2915 orthodoxos,
1544 2844 1717 2932 querentes

143 2952 233 3051 quod
254 2953 315 3024 tria
339 2951 502 3026 efferendo
523 2953 655 3026 nomina
677 2966 741 3026 tres
763 2953 861 3026 etiam
882 2954 961 3026 deos
983 2953 1173 3052 reciperent.
1197 2951 1364 3026 Tractatus
1386 2953 1428 3025 ad
1450 2951 1652 3050 Philagrium
1672 2951 1718 3024 Do

142 3071 302 3146 Dimisitate
318 3071 414 3174 (ampl
427 3071 605 3175 estvm)
626 3085 684 3146 aut
696 3071 743 3146 lle
762 3072 1024 3158 Comabrmatiuls',
1042 3087 1079 3146 nt
1094 3072 1157 3147 lert
1173 3073 1276 3146 versio
1294 3099 1367 3173 syra
1388 3087 1419 3146 et
1433 3098 1538 3146 sermo
1556 3072 1599 3146 ad
1612 3071 1718 3145 Theo-

141 3219 300 3294 pompum
316 3178 362 3266 llo
376 3193 515 3266 Posoibili
527 3211 557 3266 ct
571 3192 763 3294 Impossibili,
777 3207 870 3279 sunt,
886 3206 923 3266 ut
938 3193 982 3266 ita
999 3193 1120 3276 dicam,
1139 3193 1212 3265 dua
1227 3219 1363 3290 gemmae
1378 3221 1460 3293 quas
1474 3192 1569 3266 nobis
1583 3191 1718 3266 servavit

142 3312 255 3412 lingna
278 3315 417 3413 syriaca,
440 3315 625 3415 quibusque
647 3315 749 3387 sancti
774 3313 1010 3411 Thaumaturgi
1040 3338 1193 3386 coronam
1219 3338 1335 3386 ornare
1355 3315 1424 3411 jam
1453 3311 1501 3384 las
1527 3326 1584 3386 est.
1608 3313 1668 3385 His
1689 3314 1718 3386 si

142 3432 366 3508 addiderimus
381 3434 542 3508 maten
562 3435 594 3518 ia
615 3433 805 3508 Nativitatem
824 3432 950 3519 Clota,
968 3461 1069 3535 quam
1091 3461 1129 3508 ex
1150 3459 1283 3506 armerm
1301 3434 1447 3507 versione
1462 3431 1561 3506 hodie
1577 3433 1718 3534 proleci-

141 3581 233 3640 mus,
250 3555 448 3655 potissimam
466 3569 592 3657 partam
608 3554 818 3640 habebimus,
839 3581 905 3629 non
922 3555 1029 3630 solum
1045 3556 1164 3628 horum
1181 3554 1426 3639 Analectorum,
1443 3553 1501 3626 sed
1519 3566 1552 3626 et
1568 3554 1716 3628 omnium

142 3676 245 3749 sancti
261 3677 495 3775 Thaumaturgi
513 3703 659 3778 operum.

195 3797 233 3870 ln
251 3795 383 3870 divems
401 3797 590 3896 fragmentis
612 3824 685 3898 qua
707 3796 800 3870 nobis
817 3811 941 3872 servata
957 3798 1092 3871 luerunt
1111 3796 1146 3870 in
1165 3795 1298 3870 diversis
1315 3793 1558 3870 collectionibus
1575 3794 1716 3897 patrolo-
1823 3795 1828 3806 '

141 3917 238 4017 gicis,
249 3919 318 4016 jam
329 3918 366 3990 in
380 3930 490 3991 sancto
503 3918 746 4016 'l'haumaturgo
763 3918 1018 4019 metaphysicum
1035 3918 1143 4018 potius
1156 3944 1255 4018 quam
1270 3915 1458 4015 theologum
1470 3914 1713 4002 reverebamur;

141 4065 231 4112 nnnc
243 4066 316 4112 vcro
328 4037 404 4112 licet
421 4039 539 4139 inipso
552 4039 710 4140 inspicere
719 4039 814 4139 quasi
823 4039 1002 4140 primordia
1019 4039 1108 4116 iNiuo
1121 4037 1267 4111 medrodi
1281 4036 1449 4112 rationalis
1463 4063 1562 4138 quam
1575 4036 1715 4110 Ecclesia

141 4157 301 4234 catholica
312 4159 397 4234 adeo
406 4159 542 4234 feliciter
555 4159 663 4234 medio
679 4187 745 4234 aevo
761 4159 916 4246 excoluit,
928 4173 1027 4261 atque
1040 4159 1154 4244 hodie,
1167 4159 1254 4232 inter
1266 4158 1442 4232 fatiscentis
1456 4157 1572 4231 mundi
1585 4156 1713 4240 ruinas,

141 4293 311 4381 tantopere
327 4279 498 4366 fidelibus,
512 4281 663 4381 cleroque
684 4281 880 4382 prasertim,
900 4307 959 4382 per
976 4307 1097 4356 novum
1118 4281 1260 4354 Leonem
1283 4278 1499 4352 commendat.
1517 4277 1589 4350 Non
1610 4275 1714 4350 multa

142 4401 263 4474 etenim
288 4415 500 4475 monumenta
526 4401 649 4502 prebet
673 4402 848 4476 christiana
875 4402 1051 4502 antiquitas
1077 4401 1112 4474 in
1139 4400 1260 4501 quibus
1286 4399 1389 4500 mags
1413 4398 1540 4473 eluceat
1566 4395 1714 4496 philoso-

141 4521 276 4622 phicum
298 4548 435 4596 acumen
451 4535 484 4596 et
506 4521 732 4596 difficultatum
755 4522 899 4621 dogmati
916 4521 1056 4596 revelato
1073 4521 1280 4622 propriarum
1297 4519 1554 4620 comprehensio.
1576 4517 1715 4590 Sanctus

143 4643 318 4742 Gregorius
339 4642 433 4716 nobis
456 4642 625 4716 exhibetur
648 4656 684 4715 ut
703 4643 933 4744 philosophus,
951 4668 1018 4716 non
1040 4641 1190 4743 quidem,
1209 4643 1307 4716 etiam
1326 4667 1386 4714 suo
1407 4666 1492 4725 avo,
1509 4636 1605 4711 facile
1622 4638 1716 4738 prin·

144 4790 235 4864 ceps,
252 4762 311 4836 sed
332 4778 441 4838 tamen
463 4777 501 4838 ut
521 4765 646 4838 nemini
667 4765 840 4840 secundus.
863 4765 903 4838 Et
923 4765 1056 4866 quidem
1078 4765 1215 4839 decebat
1238 4765 1434 4866 discipulum
1455 4763 1498 4836 ad
1521 4790 1619 4865 quem
1640 4763 1716 4838 Ori-

144 4911 243 4982 genes
261 4885 432 4984 scripserat
446 4889 532 4958 ordre
550 4891 603 4958 acal
622 4891 689 4958 τίσι
707 4891 746 4957 τὰ
763 4890 828 4959 ἀπὸ
846 4891 1041 4979 φιλοσοφίας
1057 4889 1225 4976 μαθήματα
1238 4891 1384 4986 χρήσιμα
1401 4893 1446 4958 als
1463 4890 1525 4963 τὴν
1543 4893 1607 4956 τῶν
1623 4894 1716 4984 ἱερῶν

142 5015 279 5104 γραφῶν
292 5004 443 5097 διήγησιν
457 5009 536 5095 paral
551 5017 712 5106 γραφικῆς
727 5012 912 5106 μαρτυρίας,
925 5007 1076 5090 decebat,
1088 5007 1242 5108 inquam,
1252 5005 1447 5106 discipulum
1461 5005 1575 5091 istum,
1589 5005 1716 5106 lEgypti

144 5140 298 5200 onustum
311 5126 445 5212 divitiis,
455 5126 679 5229 philosophica
694 5127 848 5201 methodo
864 5128 1093 5202 revelationem
1103 5157 1122 5200 a
1133 5129 1261 5203 Christo
1269 5128 1388 5200 factam
1399 5126 1573 5200 defendere
1586 5139 1619 5200 et
1632 5127 1718 5199 diln-

145 5246 252 5321 cidare
272 5261 427 5347 satagere.
445 5249 508 5322 Nec
523 5277 615 5350 spem
630 5248 780 5350 Origenis
797 5247 912 5322 lelellit
929 5249 1119 5349 Gregorius,
1136 5278 1212 5323 nam
1233 5249 1355 5349 ubique
1373 5248 1441 5347 agit
1458 5247 1690 5350 philosophum
1707 5280 1715 5320 :

145 5365 333 5441 licetSermo
350 5370 380 5441 ia
396 5369 582 5442 Nativitatem
596 5370 708 5444 Christi
724 5371 829 5444 fidelis
844 5370 958 5472 populi
974 5371 1221 5445 edificationem
1237 5397 1296 5471 pro
1311 5355 1408 5473 scopo
1423 5369 1559 5455 habeat,
1576 5381 1717 5440 attamen
