3982 6082
281 620 308 662 a
795 685 797 692 Ι
867 545 1241 658 ῬηοιΕοοΜΕΝκι

280 746 434 820 versalem
451 743 728 845 disquisitionem,
745 741 780 812 iu
800 741 933 841 epistola
959 740 998 812 ad
1018 726 1227 814 Timotheum
1244 737 1337 840 plura
1355 739 1535 838 reperimus
1553 767 1625 840 qum
1641 767 1754 814 ansam
1766 741 1858 820 ,satis

279 870 406 941 firmam
426 867 617 966 conjecturis
631 865 776 966 praebcre
793 877 927 964 possunt
948 865 1030 936 circa
1047 863 1135 936 illius
1151 862 1376 962 antiquitatem
1392 877 1425 934 et
1443 862 1613 961 originem.

280 1033 282 1040 ·
330 991 408 1062 Eam
421 989 512 1062 enim
525 988 694 1090 epistolam
708 1014 744 1058 er
758 985 908 1086 pluribus
924 985 1127 1060 documentis
1145 985 1287 1086 primum
1305 984 1478 1083 separatis,
1497 985 1554 1056 sed
1571 984 1695 1062 labenti
1708 999 1859 1086 tempore

277 1113 312 1182 in
328 1139 431 1182 unum
446 1109 695 1207 coagmentatis,
712 1107 890 1180 constitisse
906 1107 1039 1180 omnino
1055 1119 1178 1180 certum
1195 1119 1253 1180 est.
1269 1105 1307 1178 ld
1319 1106 1435 1178 evincit
1450 1106 1601 1208 pericope
1619 1106 1673 1178 illa
1689 1105 1724 1177 dc
1741 1105 1858 1206 Capitis

278 1233 369 1306 Pauli
391 1233 563 1316 incautiora,
581 1259 652 1330 quae
669 1228 787 1301 inuno
805 1229 945 1300 duorum
964 1229 1109 1302 codicum
1126 1228 1324 1328 syriacorum
1340 1228 1568 1328 parisiensium
1587 1229 1676 1302 deest
1694 1229 1729 1300 in
1750 1228 1858 1328 ipsius

278 1355 419 1456 epistola·
444 1368 572 1436 tenore,
597 1351 673 1423 licet
696 1349 774 1422 alibi
797 1363 895 1422 exstet
925 1363 1022 1450 atque
1047 1350 1081 1421 in
1109 1350 1220 1422 multis
1245 1349 1316 1424 aliis
1339 1349 1503 1422 codicibus
1527 1350 1657 1450 syriacis
1678 1349 1856 1450 separatim

278 1471 470 1550 inveniatur.
491 1473 574 1556 lma,
592 1473 659 1544 baec
684 1472 834 1572 pericope
854 1471 945 1543 deest
963 1472 998 1542 in
1027 1472 1173 1544 versione
1191 1497 1341 1554 armena,
1358 1497 1457 1571 quam
1478 1470 1640 1544 edidimus
1664 1497 1700 1543 ea
1722 1469 1858 1542 duobus

279 1595 444 1670 codicibus
472 1593 721 1694 parisiensibus,
745 1606 907 1666 ettamen
938 1621 1008 1666 eam
1034 1593 1168 1665 seorsim
1199 1592 1337 1691 legimus
1362 1594 1396 1664 in
1426 1591 1576 1693 pluribus
1605 1591 1676 1664 aliis
1706 1591 1856 1690 ejusdem

279 1717 486 1792 Bibliotheca
511 1715 651 1791 armenis
678 1714 854 1788 codicibus.
875 1714 1030 1798 Domum,
1052 1716 1120 1814 ipsa
1146 1714 1248 1786 versio
1272 1713 1374 1786 latina
1399 1741 1458 1786 nos
1485 1715 1579 1786 docet
1601 1713 1766 1814 quomodo
1784 1713 1855 1786 baec

277 1839 428 1940 pericope
445 1838 479 1908 in
501 1837 604 1938 ipsam
627 1835 795 1937 epistolam
819 1836 993 1936 irrepserit.
1016 1837 1108 1910 Hanc
1132 1836 1218 1908 enim
1238 1836 1514 1909 narratiunculam
1540 1835 1606 1908 ede
1619 1831 1740 1936 'capitis
1758 1834 1857 1907 Pauli

278 1960 487 2033 inventiones
511 1957 658 2029 videmus
683 1956 725 2028 ad
745 1955 864 2029 calcem
891 1957 1033 2056 epistolae
1055 1956 1163 2030 latinae
1188 1957 1342 2059 positam,
1365 1985 1402 2030 ac
1429 1958 1456 2028 si
1486 1971 1569 2030 esset
1597 1984 1671 2057 pars
1701 1955 1854 2057 quadam

276 2081 379 2156 solida
397 2080 498 2183 ipsius
522 2077 725 2161 documenti,
741 2078 896 2176 quoniam
916 2078 985 2178 ipsa
1002 2079 1188 2152 coronidem
1212 2093 1244 2152 et
1258 2079 1463 2176 doxologiam
1480 2078 1665 2152 immediate
1687 2078 1853 2178 praecedit.

278 2204 357 2276 lndo
376 2203 534 2301 conjicere
551 2200 625 2274 licet
642 2227 785 2300 quonam
800 2225 973 2300 progressu
988 2199 1064 2273 binc
1080 2199 1157 2272 inde
1173 2213 1338 2301 assumpta
1356 2201 1539 2297 fragmenta
1554 2201 1588 2272 in
1600 2227 1704 2272 unum
1719 2198 1855 2272 coalue-

278 2326 343 2398 rint
358 2357 365 2397 :
379 2323 521 2425 primum
533 2321 729 2423 juxtaposita
744 2321 850 2406 luere3
867 2320 987 2394 deinde
1002 2348 1094 2407 vero,
1109 2321 1203 2422 lapsu
1220 2321 1389 2422 temporis,
1400 2321 1569 2396 meliorem
1580 2321 1728 2396 ordinem
1740 2323 1855 2394 sortita

278 2460 369 2532 sunt,
388 2447 432 2519 ita
451 2458 486 2517 ut
504 2458 607 2518 totum
626 2443 752 2544 aliquid
770 2443 939 2516 ellormare
955 2443 1151 2516 viderentur.

328 2569 377 2643 Ad
391 2567 538 2640 eamdem
557 2593 688 2668 prorsus
707 2565 946 2639 conclusionem
963 2564 1158 2638 deducimur
1172 2565 1344 2639 collatione
1357 2566 1556 2640 diversorum
1572 2566 1726 2640 versionis
1743 2565 1855 2639 latinae

279 2689 442 2775 codicum;
466 2715 541 2761 nam
559 2688 613 2760 hio
635 2686 702 2759 illic
720 2686 994 2786 deprehendimus
1011 2687 1114 2758 varias
1131 2687 1285 2762 lectiones
1301 2716 1441 2790 quarum
1463 2689 1663 2762 existentiam
1686 2713 1725 2760 eo
1745 2685 1854 2760 solnm

277 2810 374 2883 modo
397 2810 556 2911 explicare
577 2807 722 2883 valemus
738 2840 746 2879 :
763 2808 813 2880 vel
838 2809 915 2908 quia
938 2835 1151 2882 amanuenses
1178 2809 1375 2883 addiderunt
1401 2811 1550 2911 quaedam
1573 2837 1645 2911 quae
1671 2809 1854 2885 didicerant

281 2931 469 3016 traditione,
486 2959 624 3032 quaeque
640 2931 771 3003 lucrant
785 2931 826 3002 ab
842 2929 1098 3003 antecessoribus
1114 2930 1275 3031 neglecta;
1291 2932 1341 3004 vel
1353 2931 1431 3033 quia
1449 2932 1618 3033 opiniones
1632 2931 1695 3003 sibi
1706 2932 1857 3032 proprias

282 3053 395 3125 fulcire
417 3051 604 3136 volucrunt,
629 3050 725 3124 etiam
751 3051 964 3152 supponendo
986 3052 1212 3126 instrumenta.
1230 3052 1279 3126 Ad
1301 3053 1386 3126 banc
1412 3081 1509 3154 porro
1534 3053 1667 3126 classem
1692 3054 1858 3154 pertinent

281 3173 380 3246 verba
392 3173 449 3246 illa
466 3199 539 3273 quae
551 3173 613 3245 sub
629 3199 766 3246 numero
781 3201 836 3246 vut
850 3173 1057 3247 reseruntur:
1078 3175 1184 3248 eCum
1199 3188 1308 3248 autem
1324 3176 1561 3248 sanctissimum
1576 3187 1672 3276 caput
1688 3176 1757 3274 ey'us
1768 3176 1857 3274 jace-

228 3381 236 3394 ·
282 3307 400 3380 creta
418 3307 496 3380 etc.,
513 3321 652 3396 quaeque
676 3295 710 3368 in
729 3295 881 3369 codicevl
906 3296 1034 3369 desunt.
1055 3298 1165 3396 Neque
1191 3298 1325 3370 unicum
1351 3312 1450 3370 exstat
1467 3297 1650 3398 exemplum
1668 3295 1859 3395 hujusmodi

283 3415 590 3490 additamentorum.
608 3416 704 3488 Plura
724 3415 859 3490 enimin
875 3443 1072 3517 unaquaque
1088 3417 1234 3489 versione
1249 3419 1392 3517 reperire
1410 3445 1587 3516 possemus.

335 3539 408 3622 Ouo
427 3553 571 3639 tempore
588 3537 729 3638 primum
749 3536 907 3638 prodierit
923 3538 1073 3638 pericope
1092 3536 1158 3608 cde
1176 3537 1289 3636 capitis
1304 3537 1398 3608 Pauli
1415 3537 1626 3611 inventiones
1646 3540 1765 3639 liquet,
1787 3553 1857 3612 tum

281 3687 318 3733 ex
338 3659 444 3734 verbis
465 3660 583 3761 quibus
605 3659 719 3760 incipit
742 3685 897 3730 numerus
913 3658 955 3764 111
975 3689 983 3729 :
1004 3657 1078 3730 alin
1094 3685 1228 3757 corpora
1251 3671 1437 3730 sanctorum
1459 3657 1569 3729 Romae
1594 3657 1741 3756 deposita
1766 3676 1858 3746 sunt,

280 3806 416 3880 cneque
429 3806 543 3852 eorum
556 3807 631 3878 pars
642 3778 752 3880 aliqua
763 3792 849 3851 extra
861 3779 996 3852 Romam
1008 3792 1071 3864 est3
1082 3811 1098 3848 n
1110 3793 1180 3852 tum
1194 3807 1231 3852 ex
1241 3778 1312 3853 loco
1324 3779 1380 3852 ubi
1393 3777 1749 3881 affirmaturbpostolos
1759 3780 1859 3855 luisse

281 3912 452 3975 coronatos
463 3900 602 3972 academ
611 3900 680 3984 dic,
692 3900 767 3974 licet
777 3928 843 3974 non
853 3901 888 3973 in
902 3901 1017 3974 eodem
1028 3901 1099 3974 loco
1111 3899 1161 4003 (n.
1171 3899 1250 4003 V).n
1262 3901 1340 3974 lnde
1349 3901 1435 3974 enim
1444 3914 1750 4003 apparetauctorem
1759 3901 1858 4002 hujus

283 4020 532 4094 narratiunculae
549 4019 712 4122 scripsisse
733 4023 842 4124 aliquo
861 4036 1006 4123 ternpore
1023 4037 1097 4124 post
1113 4037 1238 4096 exortas
1256 4023 1487 4097 controversias
1506 4023 1571 4096 sive
1592 4023 1675 4094 circa
1691 4050 1856 4098 sacrorum

279 4167 454 4243 corporum
468 4141 697 4225 elevationem,
708 4143 773 4216 sive
789 4145 873 4216 circa
886 4145 989 4232 diem,
1002 4171 1124 4217 annum
1140 4147 1173 4218 et
1187 4144 1296 4219 locum
1309 4145 1343 4216 in
1361 4142 1481 4244 quibus
1494 4143 1590 4216 ambo
1601 4143 1747 4244 Apostoli
1764 4171 1858 4218 coro-

279 4265 346 4338 nati
364 4277 450 4337 sunt.
468 4262 582 4364 Atqui,
598 4291 701 4364 quum
720 4265 906 4367 apocrypha
921 4267 1056 4367 epistola
1075 4280 1200 4352 nostra,
1214 4265 1275 4339 sub
1290 4266 1424 4340 nomine
1439 4265 1473 4339 S.
1491 4265 1637 4366 Dionysii
1652 4264 1797 4365 vulgata,
1814 4268 1856 4340 sit

278 4386 392 4459 saltem
408 4385 568 4460 recentior
579 4385 732 4486 pericope
746 4387 812 4460 ade
828 4388 942 4489 capitis
954 4379 1050 4461 Pauli
1062 4389 1289 4473 inventiones,
1301 4415 1372 4462 eam
1391 4401 1478 4461 certo
1491 4387 1611 4462 referre
1624 4415 1795 4489 possumus
1811 4390 1853 4462 ad

219 4603 222 4616 Ι
279 4508 431 4608 quintum
448 4506 617 4590 saeculum,
635 4509 807 4610 quoniam,
826 4509 943 4584 saeculo
963 4523 1078 4611 quarto
1097 4522 1232 4582 exeunte
1250 4524 1282 4584 et
1299 4509 1416 4582 sarculo
1436 4511 1551 4612 quinto
1569 4510 1720 4595 ineunte,
1737 4523 1852 4582 exortae

277 4641 353 4700 sunt
373 4629 595 4704 controversiae
615 4632 734 4732 quibus
753 4659 857 4734 nuper
877 4631 1052 4704 alludimus
1075 4631 1156 4702 circa
1177 4631 1263 4702 diem
1282 4645 1315 4704 et
1332 4658 1457 4705 annum
1478 4631 1692 4706 emortualem
1709 4631 1850 4732 Aposto-

275 4750 383 4824 lorum
406 4749 493 4824 Petri
518 4768 551 4828 et
574 4752 685 4838 Pauli,
712 4767 749 4826 ut
774 4767 957 4826 constater
980 4752 1105 4853 scriptis
1132 4751 1191 4825 SS.
1218 4752 1405 4840 Prudentii,
1430 4753 1618 4852 Augustini,
1642 4752 1847 4853 Hieronymi,

275 4873 392 4947 Leonis
410 4872 521 4974 Magni
538 4887 635 4975 atque
653 4873 772 4948 Gelasii
784 4879 806 4947 ¹.

325 4995 462 5068 AEtatem
483 5024 548 5098 qua
569 4996 704 5098 epistola
720 4997 762 5070 ad
782 4997 989 5070 Timotheum
1010 4998 1071 5071 tuit
1088 4999 1281 5100 composita,
1299 5000 1419 5100 poterit
1440 4999 1546 5072 adhuc
1573 4995 1764 5095 dignoscere
1790 4996 1847 5094 qui

273 5113 440 5190 nobiscum
459 5116 709 5217 deprehenderit
727 5117 944 5214 chronologice
963 5131 1073 5190 notam
1095 5119 1130 5190 in
1150 5121 1348 5193 vexatissimo
1363 5120 1419 5193 illo
1438 5145 1574 5193 numero
1593 5145 1640 5200 nr,
1658 5115 1715 5215 qui
1736 5115 1845 5188 diver-

308 5391 313 5420 ¹
333 5385 393 5440 Acta
408 5397 544 5440 sanctorum
558 5386 589 5440 nd
601 5387 668 5442 diem
684 5409 737 5444 ιω
750 5389 823 5461 jonii.
836 5391 906 5445 Tem.
922 5389 951 5453 V,
962 5387 1077 5461 junii,p.
1092 5387 1222 5459 laoy-bro.
