3990 6092
251 535 318 599 280
594 528 771 598 Parnon
802 528 1200 598 ANTENlCAENOllUll
1231 517 1465 595 anassem.

1013 853 1057 934 2,

704 1079 971 1151 MARTYRIUM
998 1078 1157 1148 sanct!
1182 1075 1366 1160 lGNh'l'll,

594 1225 904 1289 hNTlOGHENAE
928 1223 1156 1287 ctvtrtrls
1181 1218 1473 1289 Ee1scorlt2).

846 1351 898 1440 (aa
917 1374 1030 1417 inuam
1049 1350 1216 1439 vmsronr.)

297 1596 323 1668 Ι.
351 1596 509 1694 Trajanus
527 1595 644 1678 Cesar,
663 1593 711 1664 vix
729 1591 902 1692 imperium
914 1592 1064 1692 adeptus,
1075 1592 1314 1692 persecutiones
1331 1593 1364 1664 in
1382 1590 1558 1664 Ecclesiam
1572 1591 1726 1663 excitavit.
1741 1592 1815 1675 Quo

247 1733 406 1818 tompore,
424 1715 573 1798 loannis,
593 1714 729 1813 apostoli
753 1727 785 1786 et
804 1713 1022 1810 evangelistae,
1043 1712 1240 1814 discipulus,
1256 1713 1369 1785 tertius
1392 1723 1463 1811 post
1489 1713 1649 1812 apostolos
1661 1715 1684 1795 ¹,
1702 1713 1818 1784 Antio-

245 1839 381 1912 chenam
404 1835 579 1910 Ecclesiam
599 1836 745 1932 Ignatius
766 1834 935 1934 episcopus
956 1834 1117 1934 pascebat.
1143 1834 1239 1906 llunc
1258 1835 1344 1905 enim
1360 1859 1574 1906 successorem
1595 1831 1734 1905 Evodius
1753 1833 1817 1904 ha-

244 1961 375 2041 buerat,
390 1957 493 2030 virum
509 1955 606 2056 plane
625 1955 858 2056 apostolicum,
879 1955 936 2053 qui
954 1954 1087 2026 Caesaris
1108 1955 1284 2027 Domitiani
1302 1952 1363 2055 (3)
1383 1953 1613 2054 persecutionis
1631 1954 1818 2026 innumeras

244 2079 417 2180 procellae,
435 2079 518 2151 sicut
536 2077 664 2177 sapiens
682 2091 797 2160 nauta,
816 2076 969 2148 orationis
985 2077 1119 2175 remigio
1137 2077 1253 2160 iratus,
1273 2075 1455 2174 vigiliarum
1471 2074 1539 2148 zelo
1550 2080 1575 2161 ²,
1593 2075 1746 2148 doctrine
1761 2076 1817 2147 di-

243 2201 393 2300 ligenhn,
413 2199 611 2298 canticisque
630 2197 852 2298 spiritualibus
867 2211 1088 2298 superaverat,
1107 2198 1240 2298 antiquo
1265 2197 1351 2270 hosti
1374 2196 1549 2280 obsistens,
1576 2223 1756 2295 curansque
1775 2225 1817 2268 uc

244 2323 431 2394 innocentes
449 2334 506 2391 aut
526 2318 687 2420 simplices
700 2332 786 2392 extra
805 2317 922 2391 Christi
947 2333 1050 2392 castra
1068 2317 1263 2391 deciderent.
1288 2317 1406 2401 Porro,
1427 2315 1574 2389 Ecclesia
1593 2318 1817 2417 persecutione

244 2441 484 2544 aliquantulum
502 2439 701 2524 intermissa,
718 2438 793 2512 licet
814 2439 933 2512 Beatus
955 2440 1132 2538 lgnatius³,
1156 2440 1213 2539 qui
1232 2439 1386 2512 immotus
1404 2452 1616 2522 remanserat,
1643 2438 1815 2538 gauderet,

244 2591 352 2636 secum
371 2576 480 2634 tamen
498 2561 695 2664 querebatur
711 2588 748 2632 ac
765 2560 792 2632 si
807 2587 873 2632 non
889 2561 966 2633 satis
980 2573 1102 2633 amaret
1114 2560 1292 2645 Christum,
1310 2574 1406 2661 atque
1421 2559 1461 2632 sd
1475 2561 1652 2661 perlectum
1665 2560 1817 2660 discipuli

244 2685 382 2784 gradum
398 2709 464 2757 nou
481 2683 687 2783 pervenisset.
709 2682 844 2756 Noverat
859 2681 944 2754 enim
963 2708 997 2754 se
1014 2681 1148 2782 propius
1163 2682 1203 2754 ad
1223 2682 1327 2754 Deum
1344 2681 1488 2782 martyrii
1503 2682 1819 2756 consessioneacces-

246 2834 370 2880 surum.
384 2805 520 2889 Verum,
531 2803 653 2876 effluxis
664 2803 788 2904 aliquot
799 2803 907 2888 annis,
924 2801 1065 2875 Ecclesia
1076 2803 1264 2903 superstite,
1280 2803 1388 2876 divina
1398 2803 1486 2886 lucc,
1498 2815 1682 2876 sanctorum
1698 2804 1815 2878 virtute

245 2943 342 3030 atque
353 2926 498 3000 doctrina
514 2925 672 3000 librorum
690 2924 812 3025 ubique
829 2923 954 2997 animos
970 2923 1223 3009 illustrantibus,
1241 2924 1384 3024 Ignatius
1404 2924 1468 2997 voti
1486 2949 1617 3024 compos
1635 2924 1738 2997 sactus
1755 2937 1814 2998 cst.

297 3123 338 3195 ll.
366 3123 524 3222 'lrajanus
542 3121 629 3195 enim
647 3122 762 3206 Caesar,
782 3149 905 3195 nonum
921 3121 1049 3224 imperii
1066 3148 1189 3194 annum
1208 3149 1324 3220 agens,
1341 3119 1478 3194 victoriis
1493 3145 1529 3192 ex
1546 3120 1688 3220 Scythis,
1704 3121 1814 3202 Dacis,

245 3244 382 3347 aliisque
402 3244 552 3342 gentihus
572 3243 696 3329 relatis,
719 3244 925 3344 superbiens,
943 3270 977 3315 se
999 3244 1164 3316 victoriam
1181 3242 1357 3316 obtinuisse
1380 3269 1446 3314 non
1470 3239 1635 3326 credebat,
1659 3241 1815 3343 quamdiu

245 3367 404 3468 populum
424 3364 484 3438 Dei
506 3365 677 3450 cultorem,
697 3364 739 3436 ad
758 3364 943 3437 demonum
962 3364 1085 3437 cultum
1111 3364 1141 3437 vi
1162 3391 1229 3436 non
1246 3363 1450 3463 pertraxisset
1468 3361 1605 3463 aliisque
1630 3362 1817 3436 nationibus

244 3486 382 3560 similem
401 3515 468 3559 non
488 3487 652 3559 effecisset.
673 3485 878 3585 Quapropter
893 3485 1133 3584 persecutiones
1151 3482 1309 3568 excitavit,
1332 3511 1444 3558 omnes
1461 3484 1534 3585 pios
1550 3482 1670 3558 Christi
1688 3483 1815 3566 fideles,

247 3609 294 3682 rel
312 3609 375 3680 diis
390 3608 586 3693 sacrificare,
604 3607 653 3680 vel
667 3618 770 3679 morte
785 3605 950 3688 mulctari,
964 3604 1116 3704 jubenst.

296 3730 389 3802 Tunc
412 3730 576 3801 animosus
595 3727 713 3800 Christi
737 3726 846 3810 miles,
865 3726 1025 3822 lgnatius,
1045 3722 1320 3797 Antiochenomm
1344 3725 1492 3800 Ecclesia
1509 3754 1620 3801 curam
1640 3755 1754 3828 agens,
1774 3728 1817 3801 ad

245 3851 420 3949 Trajauum
433 3850 663 3947 Imperatorem
679 3846 837 3920 adductus
853 3859 917 3931 est,
930 3844 1099 3948 [quoniam
1110 3859 1187 3932 tunc
1196 3846 1349 3944 temporis
1359 3844 1517 3945 Trajanus
1527 3847 1703 3922 Antiochia
1713 3875 1818 3922 versa-

245 3970 341 4042 batur
359 3970 401 4042 ad
418 3967 605 4042 Armeniam
623 3967 854 4068 Parthiamque
871 3967 932 4039 iter
956 3965 1077 4039 iaciens
1089 3963 1126 4068 ⁵].
1155 3965 1237 4037 Cum
1255 3978 1362 4038 autem
1380 3993 1489 4039 coram
1506 3967 1644 4066 Trajano
1663 3968 1817 4070 illiusque

246 4089 406 4161 concili0⁶
427 4089 564 4162 stetisset
585 4089 744 4188 lgnatius,
768 4088 976 4186 interrogavit
999 4113 1074 4160 eum
1090 4088 1269 4188 Imperator
1284 4085 1411 4159 dicens:
1432 4085 1486 4161 ιιΟ
1506 4086 1726 4172 cacodaemon‚
1745 4089 1819 4188 quis

245 4237 305 4282 aes
324 4223 376 4294 tu,
393 4208 449 4309 qui
463 4223 573 4284 nostra
586 4211 677 4311 jussa
695 4209 831 4311 despicis
846 4210 991 4310 aliosque
1007 4208 1123 4282 nostris
1137 4235 1203 4282 non
1224 4207 1356 4282 obedire
1372 4209 1538 4309 preceptis
1553 4207 1668 4280 suades
1686 4221 1722 4278 ut
1739 4210 1817 4282 mali

245 4362 262 4397 a
273 4330 356 4402 male
371 4331 549 4431 pereant7‘l
567 4331 666 4434 [Quis
683 4359 717 4404 es
735 4345 786 4415 tu,
808 4332 865 4433 qui
881 4331 1157 4405 Antiochenorum
1172 4331 1330 4404 civitatem
1352 4330 1541 4416 conturbas,
1565 4329 1609 4402 ita
1623 4343 1661 4401 ut
1677 4329 1719 4402 ad
1737 4356 1818 4402 nos-

247 4465 358 4523 rtrum
378 4451 524 4524 auditum
543 4454 725 4553 pervenerit
742 4480 871 4527 omnem
892 4482 910 4525 a
929 4467 959 4525 te
981 4452 1109 4552 Syriam
1126 4453 1166 4525 eh
1182 4451 1318 4526 Ethnica
1333 4452 1374 4524 ad
1390 4452 1605 4525 Christianam
1627 4451 1818 4550 religionem

246 4571 331 4677 ‹th
345 4574 443 4647 luisse
454 4571 705 4675 conversam?]n
721 4573 866 4674 Ignatius
876 4573 975 4648 dixit:
990 4574 1126 4648 sllirum
1138 4578 1304 4674 θεοφόρον
1314 4577 1327 4619 ⁸
1338 4602 1433 4647 nemo
1444 4574 1701 4648 cacodaemonem
1714 4585 1816 4646 vocat.

247 4697 441 4770 «Daemones
458 4695 543 4768 enim
562 4695 699 4794 diligere
716 4721 782 4769 non
800 4695 905 4769 solent
922 4723 1028 4768 servos
1047 4695 1117 4769 Dei.
1138 4695 1277 4779 Quodsi,
1292 4695 1368 4796 quia
1387 4696 1588 4768 demonibus
1604 4695 1709 4794 gravis
1726 4719 1817 4775 sirm,

282 4939 290 4970 ¹
310 4937 391 4993 Codes
403 4940 421 4993 t
432 4938 513 4992 omitt
527 4938 619 4993 tertius.
631 4969 667 4978 -
679 4941 689 4972 ²
708 4937 728 4992 B
741 4938 882 5014 vigiliarum
892 4927 993 5013 goodioss
1068 4935 1127 4993 fasc.
1141 4957 1173 5001 u,
1183 4957 1209 5012 p.
1218 4939 1271 4992 302
1279 4939 1289 5010 )
1298 4937 1341 4992 sed
1351 4938 1478 4994 invenitur
1489 4937 1514 4992 in
1525 4937 1609 4994 codice
1616 4937 1734 4992 Vaticano
1744 4935 1816 5008 (itti

245 5063 282 5072 -
293 5033 303 5065 ³
322 5031 355 5095 B,
367 5032 386 5086 C
396 5031 515 5086 omittunt
525 5029 615 5086 Raetus
624 5028 742 5106 Ignatius.
751 5035 810 5073 —l
829 5033 847 5086 Α
860 5031 940 5087 omitt.
947 5033 995 5105 ju·
1068 5051 1094 5106 p.
1109 5031 1188 5102 308).
1206 5031 1267 5098 Qum
1278 5029 1423 5105 precedunt
1437 5029 1597 5105 reperiuntur
1607 5036 1703 5084 tantum
1714 5029 1740 5083 in
1753 5047 1818 5082 man

245 5123 307 5178 bons.
323 5128 380 5164 -¹
399 5125 461 5188 Quae
479 5126 575 5181 uncinis
591 5123 752 5180 includuntur
768 5124 860 5180 desunt
875 5126 902 5180 in
915 5126 944 5180 Α.
956 5157 993 5166 -
1070 5125 1131 5198 tyrio
1144 5123 1360 5181 Colhertino.-⁷
1379 5125 1441 5190 Quae
1452 5123 1548 5178 uncinis
1558 5121 1710 5178 includimus
1720 5129 1820 5176 exstant

246 5219 256 5250 ⁵
270 5217 418 5286 Σύγκλιιτος
428 5219 551 5273 omittitur
560 5219 678 5275 innodica
685 5219 827 5276 colbertino
838 5220 848 5291 (
853 5219 890 5274 cir
899 5218 994 5274 'l'heod
1070 5217 1241 5286 tantummodo
1256 5218 1282 5272 in
1296 5219 1411 5290 martyrio
1422 5217 1549 5279 Vaticano,
1562 5235 1588 5290 p.
1600 5217 1727 5270 sos-⁸
1743 5216 1821 5286 Syrus

244 5307 328 5374 Zahu,
343 5307 433 5383 Ignatii
448 5321 470 5365 et
481 5310 608 5386 polycarpi
623 5313 748 5388 Epistola,
761 5313 888 5384 martyria,
896 5315 993 5388 sangar.
1070 5331 1154 5368 vocem
1173 5312 1315 5388 θεοφόρον
1337 5309 1419 5366 reddit
1446 5329 1490 5385 per
1506 5307 1582 5377 ton!
1595 5331 1679 5367 m
1696 5309 1819 5366 Armenus
