4006 6098
249 485 258 500 ·
289 545 356 612 366
643 540 817 614 ΡΑΤΒΙΙΜ
847 534 1251 616 ANTENICAENORUM
1281 545 1518 616 thlLECTA.

287 719 386 794 super
402 694 528 779 omnia,
544 694 666 794 quique
681 693 798 768 vinuta
814 720 871 766 sua
888 694 1039 768 omnibus
1061 694 1188 768 fortiori
1205 695 1313 768 omnia
1331 708 1438 795 potest
1462 723 1573 795 agere;
1587 695 1691 785 hunc,
1704 725 1724 773 o
1739 701 1867 784 amice,

288 841 330 888 ne
350 829 461 916 putes,
479 843 553 889 cum
575 815 683 888 omnia
711 815 888 914 possideat,
908 843 1048 916 cumque
1067 843 1085 888 a
1102 816 1232 890 nemine
1260 816 1468 892 submittatur
1489 818 1696 918 passionibus
1715 834 1747 893 et
1763 849 1782 894 a
1801 849 1868 894 ne-

286 936 373 1009 mine
391 937 575 1021 obsistatur,
595 935 745 1036 impediri
764 937 845 1036 quin
862 935 896 1008 id
915 936 1087 1036 quodvult
1104 952 1311 1037 exsequatur.

335 1113 373 1186 V.
402 1111 612 1214 Respondeas
639 1122 748 1184 autem
767 1112 998 1214 Theopompus
1022 1112 1101 1184 dixit
1124 1112 1205 1185 mihi
1225 1140 1233 1181 :
1252 1113 1366 1186 sllene
1388 1113 1463 1186 novi
1490 1115 1588 1187 etiam
1611 1121 1723 1214 eg0,o
1746 1116 1863 1192 doctor

284 1233 461 1332 «Gregorio
483 1233 681 1307 voluntatem
707 1232 978 1332 potentissimam,
1000 1233 1181 1306 libertatem
1204 1234 1334 1334 plenam
1359 1251 1392 1306 et
1420 1235 1598 1336 potentiam
1625 1241 1859 1338 superomnia

283 1381 408 1456 arpenas
427 1352 530 1426 Deum
551 1377 619 1425 esse
637 1379 744 1453 neque
762 1366 909 1452 oportere
927 1367 964 1425 ut
985 1353 1057 1455 quis
1075 1353 1217 1454 disputet
1231 1353 1272 1427 de
1292 1353 1343 1427 his
1366 1383 1438 1457 quae
1458 1356 1503 1427 ita
1524 1383 1542 1428 a
1560 1370 1591 1430 te
1610 1357 1694 1430 dicta
1713 1371 1799 1430 sunt.
1821 1360 1858 1431 ld

284 1489 432 1558 sautem,
450 1472 490 1544 de
516 1501 580 1574 quo
604 1499 724 1580 'anceps
749 1473 873 1558 haereo,
891 1474 953 1546 hoc
977 1487 1039 1557 est,
1057 1473 1195 1558 scilicet,
1213 1501 1254 1546 an
1273 1489 1389 1548 natura
1413 1475 1577 1548 deitatisa
1597 1479 1768 1578 semetipsa
1791 1506 1858 1552 non

283 1594 507 1694 «impediatur
522 1594 601 1694 quin
617 1595 769 1694 patiatur,
789 1608 820 1667 et
837 1623 879 1667 an
894 1593 1075 1667 substantia
1093 1623 1166 1696 quae
1184 1609 1231 1668 est
1248 1597 1456 1696 impassibilis
1471 1595 1578 1700 (107)
1594 1627 1660 1671 non
1683 1599 1787 1672 obstet
1804 1629 1858 1674 vo-

282 1715 425 1788 sluntati
443 1742 508 1787 suae
527 1715 606 1815 quin
624 1715 807 1815 passionem
824 1717 970 1799 sufferat,
987 1715 1076 1816 quod
1098 1737 1174 1788 sane
1192 1717 1253 1818 ipsi
1272 1732 1355 1790 esset
1370 1717 1516 1789 alienum
1534 1731 1566 1791 et
1584 1719 1689 1818 ipsam
1711 1749 1778 1792 non
1797 1722 1856 1794 de-

282 1851 402 1910 ecerot.
423 1835 499 1908 llaec
514 1837 560 1908 ita
580 1863 647 1910 esse
663 1835 755 1908 claris
771 1836 986 1935 argumentis,
1002 1865 1075 1937 quae
1091 1865 1108 1908 a
1127 1851 1157 1910 te
1176 1851 1225 1910 sat
1242 1865 1405 1939 superque
1424 1839 1548 1938 prolata
1566 1854 1642 1912 sunt
1656 1840 1805 1944 (liquet).
1821 1844 1858 1916 Si

151 2009 153 2012 -
281 1958 380 2059 aquis
397 1985 471 2030 vero
487 1970 598 2030 contra
615 1958 675 2029 bas
691 1958 917 2059 explicationes
935 1971 1050 2044 staret,
1071 1985 1136 2030 non
1155 1959 1260 2032 solum
1278 1972 1313 2032 ut
1331 1959 1468 2032 stolidus
1483 1961 1671 2034 tractandus
1688 1959 1787 2050 soret,
1802 1992 1856 2038 ve

280 2107 377 2152 crum
396 2093 431 2152 ut
447 2079 652 2163 temerarius,
671 2080 790 2180 impius
808 2093 840 2152 et
852 2107 976 2152 summe
989 2079 1107 2152 malus.
1125 2078 1262 2182 Oportet
1281 2081 1367 2152 enim
1390 2080 1645 2155 dominationem
1661 2097 1693 2155 et
1709 2100 1855 2186 potesta-

279 2213 370 2274 ntem
393 2228 491 2302 super
512 2200 620 2274 omnia
639 2201 716 2272 dare
739 2201 823 2286 De03
840 2201 995 2301 quoniam
1013 2214 1124 2312 autem
1144 2201 1264 2300 eligere
1281 2200 1406 2274 bonum
1425 2215 1457 2275 et
1473 2229 1625 2302 respuere
1650 2205 1772 2277 malum
1794 2205 1855 2279 de-

280 2321 415 2407 olcctor,
434 2321 583 2420 indagari
601 2334 635 2394 et
655 2321 791 2392 scrutari
807 2322 941 2420 cogitavi
959 2347 1000 2393 an
1027 2321 1113 2394 Deus
1141 2348 1287 2422 unquam
1309 2322 1487 2395 intenderit
1506 2323 1671 2424 passiones
1691 2325 1852 2398 humanas

280 2443 455 2528 ssullerre,
470 2443 548 2544 quia
562 2443 667 2542 ipsius
680 2455 796 2514 natura
816 2442 1023 2543 impassibilis
1039 2469 1168 2542 semper
1183 2456 1231 2515 est
1248 2455 1284 2514 ut
1301 2455 1387 2516 est.»

328 2631 382 2704 Vl.
410 2630 538 2713 Quibus
555 2656 616 2728 ego
633 2657 825 2730 responsum
844 2627 920 2702 dedi
935 2661 944 2702 ε
962 2619 998 2702 O¹
1009 2629 1235 2728 Theopompo,
1251 2630 1339 2702 visne
1354 2655 1427 2702 vere
1445 2643 1477 2702 et
1489 2631 1612 2704 sincere
1630 2630 1672 2703 ah
1690 2632 1852 2731 opinioni-

274 2753 337 2828 bus
358 2752 507 2826 Isocratis
529 2751 699 2824 deflectere
716 2751 917 2850 longumque
940 2750 1097 2823 intereas
1118 2764 1150 2824 et
1168 2763 1198 2822 te
1221 2750 1427 2824 intervallum
1449 2778 1588 2850 ponere,
1605 2765 1641 2824 ut
1658 2751 1789 2824 accedas
1806 2755 1849 2826 ad

274 2875 444 2976 opiniones
460 2900 555 2946 sanas
570 2872 726 2957 veritatis,
743 2899 816 2974 quae
837 2871 896 2944 tihi
914 2899 932 2942 a
952 2870 1046 2943 nohis
1061 2869 1155 2944 claris
1175 2873 1373 2970 argumentis
1393 2872 1542 2972 expositae
1562 2873 1661 2944 sunt?
1679 2871 1846 2958 Ausculta,

274 2995 384 3092 igitur,
407 2994 569 3079 ausculta,
588 3021 607 3066 o
626 2992 851 3094 Theopompo,
871 3006 903 3068 ot
925 2991 960 3064 in
984 3006 1094 3068 mente
1120 3006 1175 3068 tua
1198 2994 1341 3066 studiose
1363 2992 1518 3080 reconde,
1537 2993 1677 3066 fideliter
1693 2994 1728 3066 in
1751 2995 1847 3068 corde

272 3130 328 3189 tuo
352 3143 513 3216 reponens
531 3143 603 3215 que
621 3143 640 3187 a
657 3115 751 3188 nobis
769 3113 811 3186 ad
835 3127 866 3188 ta
890 3113 1050 3188 dicentur.
1071 3115 1180 3187 Passio
1203 3128 1280 3188 tunc
1299 3140 1372 3188 vere
1390 3128 1438 3188 est
1458 3114 1582 3214 passio,
1602 3115 1733 3214 quando
1760 3117 1847 3190 Deus

272 3237 398 3337 aliquid
414 3236 529 3312 inutile
547 3249 579 3310 ct
597 3237 659 3336 ipsi
681 3263 747 3309 non
770 3236 953 3336 proficuum
975 3237 1162 3312 meditatur.
1183 3233 1322 3322 Quando
1341 3250 1469 3323 autem,
1486 3237 1527 3307 ad
1544 3236 1726 3310 sanandum
1746 3238 1846 3310 malas

269 3357 442 3432 hominum
472 3357 696 3456 cogitationes,
716 3357 825 3463 divina
842 3357 990 3431 voluntas
1013 3357 1179 3441 excitatur,
1209 3371 1287 3430 tunc
1313 3383 1382 3430 non
1405 3356 1543 3429 dicimus
1571 3382 1639 3430 esse
1658 3359 1844 3456 passionem

271 3478 360 3579 apud
377 3480 482 3552 Deum
497 3506 534 3552 ex
554 3505 590 3552 eo
607 3479 696 3578 quod
712 3477 895 3552 humilitate
918 3478 1210 3578 benevolentiaque
1232 3504 1291 3550 sua
1312 3505 1438 3550 summa
1460 3475 1646 3552 hominibus
1668 3479 1845 3554 famulatus

271 3600 369 3674 luerit
386 3599 483 3674 Deus.
500 3601 616 3674 Averso
634 3599 732 3698 igitur
750 3627 769 3671 a
785 3607 860 3672 tera
875 3598 1032 3696 religione
1048 3598 1144 3672 corde
1159 3598 1345 3682 hominum,
1365 3599 1621 3698 animaliumque
1640 3600 1752 3686 instar,
1770 3629 1845 3674 ma-

270 3720 384 3794 teriam
399 3721 507 3820 potius
518 3747 616 3821 quam
626 3721 731 3793 Deum
747 3720 872 3792 honore
883 3732 1118 3820 prosequente,
1131 3733 1178 3804 et,
1190 3718 1281 3818 quod
1296 3735 1363 3793 erat
1380 3746 1595 3821 consequens,
1608 3721 1844 3794 abominandas

270 3841 449 3942 voluptates
460 3843 624 3927 inhiante,
636 3841 827 3914 indevoluit
839 3840 925 3912 Deus
938 3839 1087 3914 homines
1102 3840 1274 3916 retrahere.
1286 3840 1387 3914 Astin
1398 3843 1466 3914 Deo
1478 3843 1644 3942 passiones
1659 3869 1726 3915 non
1742 3869 1843 3943 repu-

269 3975 391 4048 tantur,
409 3963 574 4064 passiones
592 3989 681 4062 qua,
697 3962 834 4061 ipsomet
850 3960 996 4046 volente,
1015 3961 1058 4036 ad
1076 3962 1204 4059 generis
1220 3962 1356 4035 humani
1375 3989 1545 4036 commune
1567 3964 1691 4037 bonum
1712 3963 1752 4036 ab
1771 3965 1840 4063 ipso

269 4084 412 4158 tolerate
427 4096 519 4168 sunt,
529 4082 619 4156 haud
632 4083 805 4158 obsistente
821 4095 936 4156 natura
950 4083 1052 4182 ipsius
1068 4082 1254 4156 beatissima
1268 4096 1301 4156 et
1313 4082 1514 4182 impassibili.
1532 4084 1570 4156 ln
1587 4086 1736 4184 passione
1754 4085 1841 4157 enim

267 4233 327 4280 sua
349 4205 639 4306 impassibilitatem
663 4204 813 4278 ostendit.
833 4203 898 4288 Qui
926 4203 1012 4278 enim
1036 4204 1170 4303 patitur,
1189 4219 1265 4276 tunc
1287 4204 1420 4304 patitur,
1440 4205 1571 4305 quando
1594 4206 1752 4305 passionis
1769 4207 1841 4279 vio-

235 4305 238 4314 ·
267 4327 367 4402 lentie
381 4328 430 4402 illi
444 4328 500 4428 qui
517 4327 640 4427 patitur
653 4327 717 4402 vim
734 4325 831 4400 inlcrt
848 4339 966 4425 praeter
983 4327 1053 4424 ejus
1071 4325 1282 4400 voluntatem.
1302 4325 1397 4400 lllum
1413 4339 1539 4413 autem,
1557 4327 1629 4427 qui,
1648 4327 1838 4426 impassibili

267 4462 419 4526 manente
431 4476 490 4522 sua
505 4461 637 4533 natura,
656 4446 860 4547 passionibus
876 4446 986 4522 volens
1004 4447 1228 4520 commiscetur
1243 4459 1279 4520 ut
1295 4473 1349 4520 eas
1366 4446 1523 4532 debellet,
1541 4474 1607 4520 non
1625 4446 1762 4520 dicimus
1777 4449 1839 4522 sub

268 4571 417 4672 passione
440 4570 570 4655 cadere,
590 4569 732 4652 etiamsi,
755 4567 919 4641 voluntate
944 4593 1021 4653 sua,
1043 4567 1282 4668 participaverit
1304 4568 1517 4668 passionibus.
1535 4568 1614 4642 Vide
1635 4569 1755 4642 etenim
1773 4597 1839 4668 qua

267 4691 393 4766 ratione
409 4690 542 4774 medici,
560 4716 634 4762 cum
652 4715 707 4762 eos
729 4688 787 4789 qui
807 4687 886 4761 diris
907 4700 1081 4786 gravantur
1099 4686 1222 4759 morbis
1244 4715 1360 4761 sanare
1377 4688 1504 4773 volunt,
1521 4688 1666 4761 letanter
1682 4688 1841 4761 sufferant

266 4813 413 4886 laborem
434 4824 471 4884 ut
489 4809 583 4909 agris
604 4809 815 4911 opitulentur,
833 4835 889 4909 spe
912 4807 1089 4882 sanationis
1111 4807 1229 4880 tuturae
1248 4809 1317 4906 jam
1340 4809 1529 4908 gaudentes.
1549 4809 1658 4882 Gloria
1679 4823 1711 4882 et
1734 4809 1838 4893 sama,

266 4957 365 5034 quas,
383 4931 516 5006 afflictos
543 4932 701 5016 curando,
727 4931 791 5005 sibi
819 4944 911 5031 parat
935 4930 1096 5016 medicus,
1114 4928 1209 5002 taedia
1237 4927 1390 5004 alleviant
1420 4930 1631 5030 laboremque
1660 4930 1836 5031 expellunt.

266 5056 439 5154 Dignitatis
457 5083 523 5130 sua
546 5053 588 5128 ad
604 5068 731 5154 tempus
753 5053 951 5126 obliviscitur
970 5051 1234 5153 voluntatemque
1256 5079 1347 5124 suam
1367 5051 1528 5124 submittit
1548 5051 1710 5136 medicus,
1730 5051 1835 5138 unde,

266 5178 405 5277 speciem
434 5177 516 5251 servi
544 5177 700 5260 induens,
728 5175 821 5274 aegris
853 5174 1069 5274 mancipatus,
1096 5173 1253 5248 honorem
1290 5200 1385 5244 suum
1417 5170 1458 5244 ad
1488 5172 1647 5246 servitutis
1680 5173 1837 5245 similitu-

267 5297 377 5372 dinem
400 5299 506 5372 trahit.
525 5299 630 5400 Atque
646 5299 708 5372 boc
728 5296 938 5398 opprobrium
953 5295 1058 5400 (108)
1078 5296 1201 5370 medico
1228 5294 1440 5394 opprobrium
1458 5321 1525 5368 csse
1544 5322 1611 5368 non
1636 5294 1772 5367 dicimus
1790 5295 1834 5366 ob
