3982 6082
763 613 1113 680 PROLEGOMENA.
1685 639 1727 681 ur

150 767 275 839 sissimo
297 763 443 836 redditus
465 776 588 864 prostat
612 761 647 833 in
669 761 787 862 triplici
806 759 952 836 versione
973 789 1072 863 quam
1093 761 1270 846 edidimus,
1294 789 1365 862 syra
1390 789 1522 864 nempe,
1544 790 1676 836 armena
1695 780 1727 837 et

149 888 268 972 latina,
291 886 366 959 licet
388 911 521 958 armena
547 885 644 957 lectio
665 884 812 958 videatur
832 885 942 957 minus
964 885 1148 985 depravata.
1173 883 1233 957 Hic
1256 885 1343 956 enim
1368 883 1534 957 evidenter
1556 885 1662 984 agitur
1686 885 1727 959 dc

150 1022 237 1082 statu
250 1009 433 1081 animarum
452 1019 525 1108 post
543 1021 695 1092 mortem,
710 1017 807 1107 atque
826 1021 939 1080 auctor
955 1007 1001 1080 ita
1016 1007 1161 1108 loquitur
1179 1033 1215 1078 ac
1230 1006 1257 1078 si
1272 1007 1420 1079 existeret
1437 1007 1586 1108 quaedam
1600 1022 1728 1082 contro·

150 1130 253 1202 versia
271 1129 355 1202 cirea
368 1129 454 1201 hanc
469 1128 660 1201 doctrinam.
675 1127 777 1201 Porro
793 1128 1008 1201 controversia
1023 1129 1105 1200 circa
1119 1127 1273 1201 visionem
1290 1125 1471 1200 beatificam
1486 1128 1585 1226 uiguit
1602 1142 1726 1202 tantum

150 1250 268 1323 saeculo
301 1264 418 1352 quarto
443 1264 596 1335 exeunte,
620 1263 766 1350 tempore
791 1249 1019 1323 lnomaeorum
1048 1276 1227 1350 eorumque
1254 1245 1526 1335 adversariorum,
1546 1251 1581 1323 S.
1599 1248 1725 1335 Basilii,

149 1373 303 1472 inquam,
321 1383 353 1444 et
373 1371 407 1444 S.
425 1371 571 1471 Gregorii
593 1370 794 1444 Nazianzeni.
814 1371 894 1444 lude
913 1372 1064 1445 concludi
1083 1385 1189 1472 potest
1206 1371 1376 1474 epistolam
1399 1387 1543 1445 nostram
1566 1386 1726 1446 exaratam

150 1494 249 1566 luisse
266 1493 382 1565 saeculo
398 1493 586 1592 quinto-aut
603 1507 701 1566 sexto.

203 1615 337 1688 Codices
365 1615 485 1715 quihus
516 1614 567 1686 usi
593 1641 705 1688 sumus
735 1611 782 1689 nil
804 1618 919 1715 juvant
945 1615 987 1687 ad
1013 1615 1293 1688 determinandam
1321 1627 1447 1688 atatem
1476 1613 1575 1715 hujus
1599 1615 1725 1716 scripti,

150 1750 262 1837 utpote
279 1736 337 1837 qui
354 1736 471 1809 saeculo
489 1737 604 1838 quinto
621 1738 724 1810 multo
744 1734 938 1811 recentiores
956 1731 1101 1810 existant.
1113 1737 1219 1810 Codes
1232 1736 1301 1838 ipse
1317 1764 1470 1809 romanus
1484 1735 1601 1810 seculo
1616 1751 1726 1810 octavo

150 1858 315 1958 antiquior
339 1884 404 1930 non
431 1872 494 1944 est,
516 1871 547 1931 et
569 1858 693 1932 codices
710 1858 903 1960 parisienses
921 1872 977 1931 aut
1000 1857 1207 1947 londinenses
1231 1857 1385 1930 saeculum
1411 1871 1557 1932 octauum
1582 1885 1648 1930 non
1671 1885 1727 1930 su-

149 1991 278 2079 perant

205 2098 280 2172 llaec
308 2097 406 2196 igitur
433 2099 513 2172 salso
543 2101 675 2173 nomine
699 2101 859 2202 adscripta
880 2100 1034 2200 Dionysio
1055 2099 1193 2200 epistola
1219 2099 1315 2172 multi
1345 2125 1410 2171 non
1439 2114 1486 2173 est
1512 2099 1674 2180 iacienda,
1699 2100 1727 2171 si

149 2220 317 2292 historiam
333 2219 465 2321 proprie
478 2221 597 2294 dictam
614 2222 833 2323 respiciamus.
851 2222 919 2294 lmo
935 2248 1008 2294 eam
1027 2220 1139 2294 dicunt
1158 2221 1443 2322 «ineptissimam»
1459 2221 1635 2294 doctissimi
1650 2221 1727 2293 Bol-

148 2340 296 2414 landistae
309 2345 332 2426 ¹,
350 2355 382 2415 et
400 2341 532 2442 quidem
550 2369 616 2415 non
634 2344 807 2417 immerito.
828 2343 1057 2444 Spernendum
1073 2357 1182 2416 tamen
1206 2369 1274 2415 non
1291 2369 1359 2415 esse
1382 2342 1564 2415 christianae
1582 2342 1727 2444 antiqui·

150 2463 222 2536 tntis
238 2477 486 2536 monumentum
500 2464 661 2564 judicabit
684 2466 741 2565 qui
759 2465 926 2538 attendere
941 2492 1119 2565 parumper
1137 2465 1274 2537 voluerit
1295 2464 1336 2536 ad
1355 2464 1458 2566 capita
1478 2465 1632 2537 doctrinae
1652 2493 1725 2566 quae

148 2586 183 2658 in
203 2585 262 2658 hac
286 2584 422 2685 epistola
448 2599 505 2658 aut
527 2598 716 2686 tanguntur,
740 2600 798 2660 aut
821 2601 1037 2688 exponuntur.
1063 2587 1108 2660 Ex
1128 2587 1190 2659 hac
1212 2585 1300 2658 enim
1323 2584 1456 2686 epistola
1483 2586 1650 2660 adstruere
1676 2587 1724 2659 vel

149 2697 342 2779 confirmare
359 2730 532 2808 possumus
551 2707 630 2808 quid
649 2721 770 2781 veteres
785 2707 961 2781 Christiani
982 2708 1139 2780 senserint
1157 2707 1198 2780 de
1218 2721 1322 2780 morte
1339 2707 1569 2808 Apostolorum
1587 2707 1675 2780 Petri
1693 2721 1726 2781 et

151 2828 258 2913 Pauli,
273 2828 314 2900 de
326 2828 414 2901 Petri
430 2854 564 2901 romano
582 2829 714 2913 itincre,
732 2829 772 2902 de
788 2827 874 2902 Petri
887 2831 1047 2930 primatu,
1060 2829 1102 2901 de
1115 2829 1204 2902 cultu
1225 2842 1425 2914 sanctorum,
1443 2829 1483 2902 de
1499 2829 1723 2930 episcoporum

147 2951 313 3023 existemia
336 2963 368 3022 et
387 2950 535 3048 y'urihus,
553 2950 594 3023 de
618 2950 861 3050 Scripturarum
883 2949 1067 3036 divinitate,
1086 2949 1127 3023 de
1148 2949 1320 3051 prophetia
1340 2965 1372 3023 et
1393 2950 1577 3050 prophetis,
1596 2977 1723 3023 necnon

148 3071 188 3143 de
203 3081 288 3143 statu
304 3071 486 3143 animarum
501 3085 576 3172 post
592 3085 746 3156 mortem,
758 3072 798 3145 de
817 3071 973 3143 sacrilieio
990 3070 1113 3156 missae,
1126 3085 1186 3144 etc.
1203 3085 1263 3144 etc.
1281 3072 1357 3145 llaec
1371 3072 1433 3144 luit
1450 3099 1546 3144 causa
1567 3099 1624 3143 eur
1638 3073 1725 3144 anti·

148 3220 250 3292 quum
269 3192 330 3266 hoc
348 3192 530 3267 christianae
549 3194 738 3268 litteraturae
757 3207 1007 3268 monumentum
1030 3196 1064 3266 in
1084 3207 1227 3267 nostram
1250 3195 1472 3268 collectionem
1494 3195 1722 3296 receperimus.

150 3315 281 3388 Utinam
298 3329 328 3388 et
344 3315 408 3388 alia
424 3315 532 3389 omnia
548 3315 694 3417 Dionysii
713 3343 811 3418 opera
829 3315 951 3417 syriace
971 3343 1078 3401 versa,
1096 3315 1215 3389 saeculo
1232 3317 1346 3390 saltem
1362 3317 1517 3417 septimo,
1537 3316 1578 3388 de
1593 3317 1725 3419 pulvere

150 3437 285 3510 excitare
302 3450 333 3509 ct
350 3437 391 3510 ad
409 3435 575 3538 publicam
594 3437 700 3512 lucem
717 3439 863 3540 prolerre
880 3438 1043 3512 licuisset!

920 3723 955 3793 ll

201 3923 390 4024 Dionysium
407 3924 634 4026 Areopagitam
656 3926 802 4026 proxime
821 3927 969 4028 sequitur
985 3939 1114 4000 sanctus
1135 3926 1284 4000 Clemens
1302 3927 1484 4012 Romanus,
1501 3951 1573 3998 cum
1598 3923 1726 3997 duobus

149 4045 335 4144 fragmentis
347 4071 384 4120 ex
396 4045 498 4147 ipsius
512 4047 665 4148 operibus
684 4049 838 4148 excerptis
856 4047 947 4150 (pag.
963 4049 1065 4148 276).
1082 4048 1123 4122 Αι
1136 4048 1314 4149 posterius,
1327 4047 1416 4150 quod
1429 4076 1446 4120 o
1461 4046 1569 4120 codice
1583 4045 1725 4148 quodam

150 4191 282 4238 armeno
299 4165 459 4252 eruimus,
476 4167 573 4268 plane
586 4168 828 4270 supposititium
844 4167 979 4242 uidetur.
995 4169 1089 4242 Prius
1102 4196 1194 4254 vero,
1210 4197 1229 4241 a
1244 4167 1383 4242 secunda
1401 4168 1537 4270 epistola
1554 4167 1595 4239 ad
1612 4165 1727 4238 Corin-

150 4285 235 4358 thios
249 4301 451 4371 mutuatum,
463 4289 604 4362 ostendit
621 4289 705 4362 hanc
723 4289 825 4364 sancti
841 4290 1015 4364 Clementis
1030 4290 1199 4363 homiliam
1217 4291 1267 4364 vel
1283 4289 1453 4393 epistolam
1469 4289 1566 4361 luisse
1583 4286 1727 4360 Orientis

152 4405 304 4482 fidelihus
321 4407 539 4496 notissimam,
559 4425 595 4484 ut
612 4425 763 4485 caeterum
780 4412 921 4486 affirmat
938 4427 1051 4485 auctor
1068 4411 1340 4486 collectaneorum
1359 4411 1558 4512 syriacorum
1577 4409 1612 4480 in
1632 4408 1726 4482 titulo

150 4555 247 4630 quem
262 4530 399 4630 praehrit
418 4531 561 4631 epistole
578 4533 790 4631 fragmento&
809 4533 862 4606 Ait
876 4535 963 4606 enim
980 4533 1040 4606 iste
1061 4547 1186 4618 auctor,
1207 4533 1355 4635 quisquis
1376 4534 1434 4618 sit,
1452 4532 1536 4602 hane
1557 4530 1726 4630 epistolam

151 4677 235 4751 saepe
254 4652 371 4750 sapius
387 4651 521 4750 allegari
536 4681 554 4725 a
571 4654 690 4727 Severo
706 4653 922 4739 Antiocheno,
942 4683 1008 4756 quo
1026 4654 1232 4755 eloquentior
1248 4668 1278 4727 et
1297 4655 1422 4726 doctior
1440 4651 1527 4752 apud
1544 4651 1726 4725 Orientales

152 4799 247 4844 nemo
270 4772 389 4846 exstitit
412 4773 529 4847 saeculo
559 4788 646 4849 sento
672 4777 823 4863 ineunte3
847 4778 1005 4877 cujusque
1025 4804 1140 4876 opera,
1163 4804 1265 4875 graece
1288 4777 1396 4876 quoad
1418 4801 1571 4872 magnam
1596 4786 1721 4872 partem

151 4892 336 4993 deperdita,
353 4908 529 4994 supersunt
546 4895 671 4995 integre
689 4923 780 4970 versa
797 4897 836 4969 in
849 4897 980 4996 syriacis
997 4897 1162 4970 codicibus
1177 4896 1319 4969 romanis
1335 4908 1368 4968 et
1384 4893 1632 4967 londinensihus
1643 4898 1669 4965 ³.

201 5013 301 5086 Plura
319 5015 381 5087 alia
401 5014 581 5114 fragmenta
604 5018 705 5090 sancti
725 5017 899 5091 Clementis
919 5017 1055 5119 protulit
1077 5017 1271 5091 Guillelmus
1295 5019 1436 5091 Cureton
1458 5015 1492 5086 in
1516 5013 1725 5088 celeberrimo

187 5217 195 5250 ¹
215 5215 437 5284 decorandorum,
450 5219 529 5292 junii,
546 5227 564 5275 t.
579 5221 607 5284 V,
624 5239 648 5295 p.
661 5219 729 5286 hro,
744 5221 790 5276 eol.
805 5241 828 5276 1.
1013 5225 1023 5256 ³
1042 5221 1125 5277 Liceat
1142 5219 1184 5276 hic
1202 5239 1305 5276 monere
1319 5221 1385 5274 viros
1403 5217 1487 5275 doctos
1506 5219 1725 5276 celebratissimum

187 5313 197 5342 ¹
217 5309 260 5364 Ch·
272 5309 312 5365 W.
325 5311 437 5388 Wright,
455 5311 588 5388 Catalogue
605 5315 634 5386 os
644 5315 725 5386 syriae
740 5317 900 5390 ruorrmur'ptr
976 5312 1103 5369 homiliam
1116 5333 1173 5389 quar
1185 5321 1264 5368 exstat
1280 5315 1347 5368 inter
1360 5332 1435 5389 opera
1448 5315 1526 5369 saraeti
1539 5313 1652 5388 Gregorii
1665 5313 1726 5384 Nys-

149 5405 173 5456 r'n
184 5403 225 5457 thr
233 5402 325 5458 uertat
336 5405 460 5472 limeum,
471 5415 517 5462 etc.
533 5415 550 5462 t.
566 5409 602 5472 ll,
613 5427 638 5483 p.
651 5427 681 5481 9¹
689 5409 718 5474 6,
735 5407 781 5464 col.
796 5429 817 5464 a.
975 5411 1028 5464 seni
1039 5407 1177 5481 (Potralog.
1186 5425 1284 5481 grues,
1295 5409 1393 5484 hligne,
1405 5415 1423 5464 t.
1435 5408 1521 5471 xlvi,
1533 5407 1578 5462 ool.
1590 5407 1709 5478 627-652
