4006 6098
309 607 376 674 tlt
653 604 826 672 PATRUM
860 603 1261 674 ANTENICAENORUM
1293 606 1533 674 ANALECTA.

308 757 350 828 ad
365 755 525 827 dexteram
544 753 654 853 gloriae
670 755 730 827 Dei
748 753 878 838 sedens,
898 754 1088 827 universalis
1100 754 1360 840 resurrectionis,
1377 753 1644 844 immortalitatis¹
1658 769 1690 827 et
1707 753 1893 856 incorrup-

309 877 405 950 tionis
425 875 576 948 omnibus
593 875 697 948 lactus
712 889 759 947 est
777 874 955 975 exemplam
971 875 1017 948 ita
1034 889 1066 947 et
1078 876 1242 974 justorum
1261 873 1393 960 animae,
1412 903 1483 977 qua
1499 903 1573 948 cum
1586 875 1712 948 Christo
1731 903 1891 950 surrexe-

308 1011 385 1070 runt
401 1011 433 1070 et
448 1025 520 1098 quae
537 997 653 1070 coelum
670 997 847 1097 petierunt,
871 1023 935 1069 non
956 997 1089 1097 quidem
1114 1023 1187 1068 cum
1212 1023 1348 1096 corpore
1365 996 1421 1069 sed
1442 1025 1515 1070 cum
1536 997 1667 1096 spiritu,
1685 997 1887 1071 honoranda

308 1131 383 1192 sunt
408 1117 553 1218 exempla
576 1118 727 1190 omnibus
745 1117 841 1218 justis
862 1115 974 1219 (168)
996 1117 1052 1218 qui
1076 1117 1111 1189 in
1132 1115 1258 1189 Christo
1278 1117 1387 1216 magni
1408 1129 1592 1202 evaserunt,
1612 1116 1676 1189 sive
1696 1117 1729 1188 in
1752 1118 1882 1202 Veteri,

307 1238 420 1310 sivein
436 1238 523 1312 Novo
541 1239 756 1312 Testamento.
769 1238 863 1311 Unde
885 1239 1091 1312 manifestum
1107 1250 1154 1310 est
1174 1263 1285 1311 omnes
1302 1239 1426 1310 animas
1443 1237 1573 1310 Domini
1593 1251 1753 1338 precepta
1770 1251 1801 1310 et
1819 1265 1885 1310 vo-

307 1359 464 1432 luntatem
482 1373 645 1432 essecutus
664 1373 737 1461 post
757 1360 875 1432 exitum
897 1387 962 1432 non
981 1358 1125 1456 demergi
1143 1359 1177 1429 in
1194 1358 1375 1442 infernum,
1395 1387 1504 1432 verum
1522 1358 1638 1430 eoelum
1655 1371 1781 1458 petere,
1800 1359 1880 1441 ubi,

306 1481 480 1553 sublimem
493 1482 630 1580 gloriam
643 1495 804 1566 verentes,
815 1480 880 1553 luci
893 1481 1037 1554 virorum
1051 1493 1244 1581 coaptantur
1258 1493 1290 1552 et
1302 1481 1387 1553 inter
1399 1481 1530 1579 angelos
1543 1493 1792 1580 sanctorumque
1806 1480 1883 1552 ani-

307 1630 376 1674 mas
395 1616 573 1702 ponuntur.

359 1724 463 1823 Hujus
496 1725 592 1796 etiarn
621 1723 865 1825 protomartyris
896 1721 1124 1796 intercessione
1159 1723 1336 1795 mundatus
1368 1751 1423 1796 aer
1457 1721 1658 1823 resplendet,
1685 1720 1879 1794 illuminatae

306 1847 410 1919 nubes
428 1873 533 1918 rorem
559 1846 725 1930 emittunt,
752 1845 866 1946 pluvia
884 1844 1089 1917 abundantes
1106 1844 1203 1943 largis
1223 1843 1436 1917 effusionibus
1453 1859 1546 1918 tarrae
1573 1873 1703 1949 campos
1727 1850 1879 1922 madela-

306 1967 410 2052 ciunt,
434 1981 518 2040 terra
546 1981 691 2052 ornatur,
714 1966 899 2067 plantaeque
924 1965 1142 2064 germinantes
1166 1966 1283 2037 florum
1307 1993 1419 2038 suaves
1447 1967 1617 2067 proferunt
1644 1970 1759 2042 odores
1787 1972 1879 2043 sruc-

306 2103 463 2190 tuumque
479 2090 683 2172 suavitatem,
699 2086 844 2160 omnium
858 2087 1032 2160 viventium
1048 2085 1165 2159 letitie
1181 2099 1237 2158 aut
1251 2086 1407 2186 voluptati
1421 2087 1640 2162 inservientes.
1650 2090 1732 2163 Coeli
1745 2118 1877 2164 sursum

305 2211 409 2310 aperti
436 2237 511 2308 erga
538 2211 641 2283 Deum
657 2208 896 2282 confidentiam
925 2209 1075 2280 omnibus
1097 2207 1257 2280 instillant
1283 2209 1520 2309 peccatoribus,
1539 2209 1658 2296 salute,
1676 2212 1879 2312 peanitentiae

305 2359 377 2432 spe,
394 2329 585 2403 liberatione
604 2345 782 2431 apeccato,
802 2355 926 2431 speque
941 2328 1067 2402 vivendi
1083 2329 1117 2400 in
1136 2342 1305 2402 aeternum.

358 2509 396 2580 X.
424 2507 565 2580 Adamas
582 2507 706 2609 primus
723 2506 820 2579 homo
833 2506 1031 2608 principium
1045 2506 1108 2579 luit
1122 2520 1341 2580 creaturarum
1362 2507 1438 2593 Dei;
1457 2507 1524 2581 Noe
1538 2510 1700 2582 secundus
1717 2522 1766 2581 est
1781 2522 1878 2610 pater

305 2629 417 2701 mundi
433 2657 651 2729 agrorumque
667 2629 800 2700 culturae
818 2640 979 2727 repertor3
996 2627 1199 2700 Abrahamus
1216 2629 1405 2728 mysterium
1420 2628 1532 2701 salutis
1547 2643 1580 2701 et
1595 2629 1719 2730 primus
1732 2631 1876 2704 Patriar-

303 2750 452 2834 charum3
470 2750 595 2848 Moyses
608 2749 700 2847 Legis
719 2749 877 2834 conditor,
893 2762 990 2850 caput
1007 2749 1244 2848 Prophetarum
1259 2751 1358 2850 inque
1371 2750 1621 2851 promissionum
1639 2765 1756 2824 terram
1771 2753 1876 2824 intro-

303 2869 433 2954 ductor3
460 2869 561 2941 David
579 2868 736 2968 propheta
755 2869 830 2952 Dei,
854 2871 947 2969 regni
970 2869 1135 2943 Israelitici
1159 2869 1342 2956 inchoator;
1363 2870 1478 2944 Petrus
1503 2869 1568 2944 dux
1591 2871 1818 2972 Apostolorum
1840 2887 1875 2944 et

301 3001 394 3090 petra
412 2990 489 3064 fidei
508 2989 671 3064 catholica.
688 2989 852 3075 Ecclesiae3
870 2991 1057 3091 Dionysius,
1072 2991 1196 3092 primus
1214 2991 1413 3065 Athenarum
1429 2993 1598 3094 episcopus
1615 2993 1700 3066 inter
1717 3006 1875 3093 martyres

302 3125 489 3198 coronatus3
507 3109 602 3184 beata
618 3111 736 3186 Thecla
749 3111 884 3211 virginei
900 3114 1055 3185 exercitus
1075 3113 1239 3214 apostolus
1255 3127 1287 3185 ct
1300 3125 1527 3214 protomartyr.
1541 3113 1604 3198 lta,
1620 3113 1705 3186 inter
1717 3113 1873 3186 sublimes

301 3247 487 3319 coronatos,
503 3232 689 3334 Stephanus
709 3233 770 3306 luit
787 3233 927 3334 primus,
944 3249 1017 3334 post
1031 3247 1192 3308 tormenta
1208 3234 1268 3307 Dei
1283 3233 1437 3318 deorum,
1453 3233 1612 3308 cruciatus
1627 3247 1799 3334 appetens,
1815 3261 1874 3306 ea-

300 3370 435 3455 propter
458 3355 583 3456 primus
611 3368 783 3427 coronatus
805 3369 836 3428 et
858 3355 988 3428 initium
1012 3370 1190 3454 martyrum
1215 3353 1362 3428 Ecclesiae
1388 3357 1553 3428 catholice
1579 3358 1681 3428 lactus
1711 3370 1743 3429 et
1767 3355 1873 3428 dictus

302 3487 364 3558 est;
382 3474 492 3547 lucido
519 3475 692 3576 splendore
715 3475 869 3560 amictus,
889 3475 990 3548 stellae
1015 3475 1122 3548 divino
1143 3475 1269 3573 fulgore
1287 3477 1483 3549 coruscantis
1505 3476 1618 3560 instar,
1639 3474 1762 3548 relucet
1785 3475 1874 3547 inter

237 3687 240 3692 Ι
302 3607 402 3678 astra,
419 3596 552 3695 profuso
572 3595 697 3668 lumine
716 3623 775 3669 suo
795 3595 836 3667 ab
855 3595 1046 3668 idololatria
1064 3597 1205 3669 tenebris
1223 3597 1265 3668 ad
1283 3596 1388 3670 lucem
1405 3597 1566 3696 dispersos
1584 3597 1644 3668 Dei
1662 3596 1744 3669 filios
1761 3594 1872 3668 addu-

301 3743 392 3800 cens,
412 3729 444 3790 et
461 3717 546 3791 inter
561 3715 760 3817 Angelorum
781 3731 904 3789 turmas
923 3743 977 3789 eos
993 3716 1168 3817 disponens
1188 3729 1225 3789 ut
1241 3717 1460 3790 haereditatem
1479 3719 1608 3818 capiant
1625 3745 1697 3790 cum
1718 3716 1871 3790 omnihus

300 3837 419 3909 sanctis
443 3863 591 3938 superna
612 3836 818 3911 Jerusalem:
846 3838 880 3910 id
906 3851 969 3922 est,
997 3865 1070 3910 cum
1098 3837 1227 3935 agmine
1254 3851 1430 3938 martyrum
1457 3838 1514 3937 qui
1540 3837 1657 3910 Christi
1681 3837 1869 3937 passionum

301 3971 425 4056 partem
445 3958 645 4044 hahuerunt,
671 3985 811 4060 cumque
825 3958 978 4031 omnihus
998 3958 1150 4032 fidelibus
1168 3959 1226 4059 qui
1249 3985 1321 4032 vere
1338 3959 1441 4032 Deum
1466 3973 1627 4032 amarunt.
1646 3959 1871 4058 Stephanum²

301 4104 429 4150 oremus
448 4091 480 4151 et
500 4105 575 4164 nos,
593 4091 643 4164 ut,
662 4108 736 4152 cum
756 4080 872 4181 spiritu
890 4081 1056 4180 sapientiae
1074 4096 1107 4153 et
1123 4081 1247 4153 timoris
1270 4108 1410 4181 cumque
1429 4082 1548 4166 salute,
1563 4077 1692 4183 (nohis)
1714 4106 1774 4179 per
1793 4106 1871 4177 gra-

302 4200 378 4273 tiam
400 4201 519 4274 tribuat
537 4202 731 4274 haereditatis
749 4217 873 4303 partem
891 4201 996 4306 (169)
1013 4202 1175 4288 obtinere;
1193 4216 1241 4286 et,
1256 4217 1306 4288 ut,
1330 4227 1459 4303 pravam
1476 4201 1616 4300 gloriam
1626 4200 1804 4298 fugientes,
1820 4199 1870 4272 illi

300 4321 357 4421 qui
374 4323 524 4421 mysteria
538 4323 637 4424 impia
652 4324 785 4424 Deoque
800 4323 901 4397 invisa
919 4337 1094 4409 sectantur,
1114 4323 1298 4408 nobiscum,
1317 4323 1429 4396 festivo
1447 4322 1507 4423 piae
1526 4321 1775 4420 orthodoxaeque
1792 4319 1870 4393 fidei

300 4443 382 4527 zelo,
402 4443 493 4542 digni
509 4445 589 4519 hunt
606 4445 743 4544 gloriam
759 4447 938 4546 rependere
951 4446 1056 4532 Patri,
1075 4446 1173 4530 Filio,
1193 4445 1377 4546 Sanctoque
1399 4444 1551 4547 Spiritui,
1574 4469 1661 4516 nunc
1682 4453 1715 4514 et
1729 4467 1869 4542 semper,

300 4563 334 4635 in
348 4565 463 4638 saecula
477 4567 679 4640 seculorum.
702 4568 831 4640 ament

337 4838 344 4868 ¹
365 4833 477 4890 Bomitt.
490 4837 714 4909 etiamr-ruptionis.
725 4840 784 4878 -2
799 4837 818 4892 B
831 4839 1048 4912 palmecaster
1122 4835 1271 4899 amiserere,
1294 4854 1310 4890 o
1330 4833 1441 4898 Christe,
1462 4833 1513 4890 sire
1530 4831 1686 4908 possessoris,
1702 4829 1753 4886 sivo
1771 4829 1872 4906 indigui

299 4927 404 4981 thedom.
418 4957 456 4970 -
466 4931 478 4962 ⁸
489 4929 517 4984 ln
529 4927 579 4984 fine
592 4929 660 4983 illiue
673 4929 795 4985 sermonis
809 4929 960 5003 reperimus,
971 4931 997 4985 in
1013 4931 1046 4993 A,
1122 4929 1240 4994 ascribas,
1253 4930 1304 4984 sire
1321 4930 1478 5004 patriarche,
1492 4927 1544 4984 hab
1557 4927 1671 4988 nomine.
1686 4924 1730 5001 qui
1744 4925 1873 5001 exemplar

299 5026 384 5075 uotam
402 5030 568 5096 sequentem:
589 5023 691 5077 «Sancti
716 5023 838 5098 Stephani
858 5023 1046 5088 intercessione,
1126 5023 1332 5080 «commodatus
