3990 6092
721 550 938 630 ,SANCTUS
967 551 1193 620 JUSTINUS.
1687 549 1755 617 289

184 705 284 804 igitur
306 703 475 806 plasmatio
501 702 623 775 iudicat
646 728 750 798 genus
774 702 947 774 existentiae
970 714 1002 773 et
1025 727 1127 799 genus
1149 699 1322 772 existentiae
1347 699 1468 771 indicat
1492 697 1754 799 plasmationem.

186 825 263 896 dum
280 825 412 897 verbum
428 823 565 896 essentia
583 823 705 896 indicat
717 822 937 924 suppositum,
953 823 997 894 ita
1014 834 1045 893 et
1062 823 1095 928 in
1113 823 1180 894 Deo
1196 833 1227 893 et
1245 822 1279 893 in
1298 822 1392 893 Patre
1406 820 1604 920 reperiemus
1618 824 1642 892 ¹.
1686 867 1692 886 .

824 1107 941 1165 CAPUT
963 1109 1135 1164 TERTIUM.

501 1251 580 1306 onon
597 1211 697 1297 riourn
715 1251 789 1296 onus
804 1251 849 1296 sn
868 1247 1104 1296 srnnrrrmrrvnu
1123 1227 1290 1296 ussoorrn¹
1300 1278 1435 1298 ......

815 1490 933 1548 CAPUT
954 1490 1139 1559 ounnruu.

328 1635 408 1688 onon
423 1633 569 1682 rossrorce
583 1633 629 1679 srr
646 1631 807 1680 rnornrruu
823 1634 858 1678 nr
878 1631 1006 1678 scurrou
1022 1631 1205 1677 nuscanum
1223 1629 1317 1674 crocu
1334 1629 1468 1675 assarna
1479 1659 1615 1678 ......

816 1890 933 1946 CAPUT
956 1887 1133 1958 ournnuu.

266 2035 345 2090 ouon
363 2034 459 2080 morus
475 2034 510 2079 rr
526 2033 658 2079 erramus
671 2032 727 2078 non
746 2031 963 2078 consecraturos
979 2030 1137 2076 onunrurns
1155 2030 1209 2074 nuc
1228 2029 1477 2077 connonronurun
1494 2030 1553 2076 onu
1572 2031 1648 2076 rosis
1658 2009 1681 2076 ³.

242 2204 293 2276 lV.
330 2258 469 2280 ......
488 2203 559 2303 lpse
577 2203 673 2274 etiam
691 2201 810 2273 Beatus
826 2199 949 2272 Paulus
967 2199 1075 2272 divino
1097 2200 1171 2298 igne
1187 2212 1412 2299 consumptus,
1431 2200 1580 2274 ardorem
1598 2227 1663 2272 suae
1682 2200 1761 2272 cha-

191 2325 292 2399 ritatis
320 2353 396 2423 erga
422 2325 525 2397 Deum
551 2323 738 2407 ostendens,
762 2323 877 2422 suique
904 2321 1023 2394 amoris
1047 2333 1200 2394 attestans
1218 2321 1401 2407 veritatem,
1425 2320 1504 2392 dixit
1525 2352 1532 2394 :
1553 2322 1651 2394 «Scio
1675 2323 1761 2395 enim

191 2447 293 2547 aquia
319 2473 424 2546 neque
446 2445 544 2528 vita¹,
569 2471 676 2545 neque
704 2470 808 2528 mors,
828 2470 934 2542 neque
959 2442 1083 2542 angeli,
1108 2469 1215 2542 neque
1237 2441 1387 2526 virtutes,
1412 2469 1517 2542 neque
1543 2443 1760 2543 principatus,

191 2595 323 2668 cneque
345 2566 515 2651 instantia,
542 2593 648 2666 neque
667 2566 793 2646 lutura,
813 2591 919 2665 neque
940 2563 1096 2646 altitudo,
1116 2589 1223 2663 neque
1248 2563 1464 2664 prolnndnm,
1487 2591 1593 2664 neque
1616 2577 1761 2637 ereatura

190 2689 279 2761 salia
293 2688 412 2790 poterit
429 2715 488 2760 nos
505 2715 655 2788 separare
671 2714 689 2758 a
708 2687 862 2759 charitate
883 2687 958 2770 Dei,
975 2713 1048 2786 quae
1068 2698 1115 2758 est
1132 2685 1166 2756 in
1183 2684 1310 2757 Christo
1329 2685 1404 2757 lesu
1431 2684 1569 2757 Domino
1589 2698 1698 2757 nostro
1712 2691 1762 2757 ⁵.»

190 2810 347 2883 Similiter
366 2811 434 2910 ipse
452 2835 646 2883 enumerans
667 2807 843 2890 mundum,
862 2809 1007 2881 vitamet
1026 2821 1180 2893 mortem,
1200 2806 1332 2906 angelos
1348 2807 1631 2907 principatusque,
1649 2820 1680 2879 et
1697 2807 1763 2879 vir-

189 2943 291 3018 tutes,
310 2931 463 3004 instantia
486 2931 603 3002 iterum
626 2941 658 3002 et
680 2929 805 3012 lutura,
824 2927 1030 3000 altitudinem
1057 2940 1089 2999 et
1111 2928 1327 3028 protundum,
1344 2955 1451 3028 neque
1477 2927 1567 3000 aliud
1595 2927 1763 3030 quidpiam

189 3053 352 3154 reliquum
368 3052 403 3124 in
420 3065 535 3124 natura
561 3062 666 3122 creata
682 3048 862 3148 reperiens,
880 3047 915 3119 in
934 3047 1070 3121 ardore⁶
1085 3075 1143 3120 suo
1162 3075 1260 3119 ausus
1274 3062 1322 3120 est
1339 3047 1494 3132 clamare,
1513 3051 1672 3133 attestari,
1693 3077 1766 3122 ver·

189 3175 335 3275 bamque
365 3173 470 3273 ipsnm
500 3171 659 3270 prolerre,
685 3167 858 3269 quoniam,
881 3166 1006 3267 aliquid
1032 3169 1135 3240 multo
1161 3171 1265 3266 majus
1293 3167 1437 3253 dicens⁷‚
1457 3168 1607 3242 addidit:
1628 3171 1765 3272 «Neque
1793 3203 1798 3212 ·

190 3306 364 3366 «creatura
381 3293 455 3364 alia
467 3323 482 3358 n
494 3290 545 3374 Si,
558 3291 667 3388 igitur,
687 3289 729 3360 ad
744 3299 893 3360 naturam
910 3300 1050 3360 creatam
1068 3287 1186 3359 Filium
1205 3300 1237 3359 et
1254 3287 1411 3388 Spiritum
1427 3289 1590 3389 pertinere
1606 3290 1762 3376 novisset,

192 3441 283 3497 cum,
298 3440 357 3514 per
379 3410 612 3485 eminentiam⁸
628 3437 740 3482 eornm
759 3435 832 3509 quae
851 3407 1116 3494 nominabantur,
1135 3407 1230 3480 vellet
1251 3408 1435 3507 significare
1455 3437 1547 3483 suam
1565 3437 1641 3508 erga
1660 3409 1764 3483 Deum

192 3533 380 3607 charitatem
400 3533 564 3606 nnmutari
587 3559 652 3604 non
673 3533 802 3632 posse¹‚
824 3557 932 3604 nonne
955 3531 1076 3602 Paulus
1099 3530 1229 3603 illorum
1251 3531 1415 3602 corneliis
1435 3531 1632 3604 mentionem
1642 3537 1669 3579 ¹⁰
1684 3531 1765 3630 inje-

193 3656 306 3728 cisset?
325 3655 426 3753 Ergo,
448 3682 483 3726 er
507 3653 558 3726 his
582 3666 615 3727 et
641 3653 775 3738 talibus,
798 3653 833 3724 in
859 3666 974 3725 natura
1000 3665 1106 3724 creata
1131 3679 1195 3724 non
1220 3652 1377 3726 contineri
1405 3653 1523 3725 Filium
1550 3666 1582 3724 et
1604 3653 1764 3754 Spiritum

191 3777 348 3850 Sanctum
367 3775 447 3848 scire
466 3789 602 3877 oportet.
621 3775 690 3848 Alia
709 3771 794 3876 (tt)
812 3773 972 3846 addacem
989 3773 1173 3848 testimonia
1194 3773 1424 3873 potuissemus,
1445 3773 1627 3873 etquidem
1646 3801 1764 3846 nume-

192 3925 264 3971 rosa
277 3903 315 3983 ¹¹,
337 3896 409 3981 sed,
434 3897 588 3999 quoniam
616 3897 659 3969 ad
685 3895 768 3969 lilios
795 3895 942 3968 Ecclesia
964 3921 1147 3968 sermonem
1174 3907 1320 3969 nostrum
1332 3894 1532 3993 dirigimus,
1552 3895 1765 3997 volumusque

193 4019 305 4092 breves
322 4047 406 4103 esse,
426 4016 522 4118 plane
539 4017 685 4092 sufficere
701 4030 854 4116 putamus
871 4043 944 4118 quae
962 4016 1046 4087 dicta
1064 4027 1141 4088 sunt
1155 4019 1192 4087 ¹¹.

835 4303 952 4360 CAPUT
973 4305 1126 4362 sunnon.

451 4446 529 4499 onon
547 4447 577 4491 rr
595 4445 704 4492 aarum
720 4445 819 4491 orriri
833 4446 1007 4491 sunsrsrmr
1023 4445 1119 4491 noros
1137 4447 1172 4491 ur
1190 4425 1353 4492 srrorrus¹³
1362 4475 1501 4495 ......

232 4677 239 4706 ¹
260 4671 358 4746 ntique,
374 4669 465 4724 Potrol.
481 4668 676 4732 decertant.
691 4669 805 4740 12191).
821 4671 882 4709 -¹
902 4667 943 4722 'li-

194 4765 261 4820 tulus
275 4764 364 4839 capitis
374 4781 454 4838 graeco
463 4781 514 4817 non
527 4767 612 4817 exstat.
625 4761 672 4817 llic
685 4762 772 4834 syr-ioci
784 4760 874 4817 codicis
883 4781 942 4818 era-

1017 4687 1179 4732 momrn,
1191 4669 1240 4734 ³8,
1252 4669 1362 4742 39.—-¹
1377 4671 1455 4728 Graec.
1465 4675 1554 4746 ὁρμῆς.
1565 4675 1623 4714 -·¹
1640 4673 1684 4728 Gr.
1694 4677 1769 4748 ὕπερ-

1017 4759 1122 4816 munos
1134 4783 1166 4816 rr.
1178 4793 1215 4804 -·-
1230 4764 1241 4798 ⁸
1261 4763 1305 4819 Gr.
1319 4773 1351 4835 n]
1367 4772 1413 4819 rori
1428 4766 1564 4838 λεχθέντος
1580 4765 1717 4840 ὕπερΰυλῇ.
1729 4799 1768 4818 -.-

194 4857 266 4913 nidos
285 4858 366 4932 apices
382 4856 487 4912 excitare
506 4854 659 4930 impossibile
680 4854 736 4910 luit.
751 4859 811 4897 -¹
830 4855 943 4910 'litulcnn

195 4948 273 5006 ferrae
297 4950 413 5007 eumdem
438 4950 514 5006 latine
540 4949 659 5023 legimus.
682 4947 773 5004 Porrol.
795 4948 874 5004 Groee.
896 4949 942 5011 Vl.

194 5041 240 5098 eol.
251 5059 316 5097 rara
331 5043 418 5097 B.-¹
432 5041 744 5118 Hicpmceodditurodae
754 5042 943 5115 adeptamque

194 5134 305 5190 lectionis
316 5135 413 5190 nullum
425 5144 463 5190 est
469 5135 599 5210 vestigium
609 5135 635 5190 io
643 5135 711 5190 Noto
718 5133 884 5189 Testamenta.
892 5133 944 5189 Ce-

195 5236 277 5282 terum
287 5227 382 5282 codices
389 5227 491 5302 quidam
501 5228 623 5284 hasrosea
630 5226 661 5281 ad
670 5225 810 5300 marginem
819 5225 942 5299 ablegant.

195 5321 257 5376 Vide
271 5339 328 5395 quae
342 5329 480 5395 sequnntur·
495 5322 522 5376 in
536 5320 645 5376 editione
656 5319 755 5392 cyriaca.
769 5323 825 5360 -¹
844 5317 884 5372 Ad
897 5319 944 5372 llo-

1017 4857 1027 4888 ¹
1047 4855 1091 4911 Gr.
1111 4857 1294 4924 ἀμετακίνητον
1310 4857 1404 4914 ottae.
1420 4891 1459 4900 -
1476 4861 1496 4894 ¹¹
1516 4858 1559 4914 Gr.
1579 4861 1717 4929 ἀφήγησιν.
1730 4891 1768 4904 -·

1019 4950 1036 4984 ¹¹
1056 4949 1102 5004 Gr.
1124 4949 1292 5018 σαμιληθιΐε.
1309 4977 1347 4992 —-
1362 4953 1380 4984 ¹¹
1399 4950 1498 5025 lligno,
1517 4949 1609 5006 Pota-ol.
1630 4952 1707 5008 Grac.
1722 4953 1767 5020 Vl,

1017 5039 1149 5098 cotrarii
1164 5042 1197 5106 G,
1215 5047 1242 5096 n'
1261 5045 1287 5097 5.
1308 5043 1424 5117 Cupitum
1445 5061 1502 5118 que
1522 5051 1662 5118 sequuntur·
1682 5045 1769 5102 titulos

1019 5141 1116 5190 tontum
1130 5135 1212 5211 legera
1228 5135 1364 5209 potuimus.
1379 5167 1417 5176 -
1432 5139 1450 5172 ¹¹
1469 5135 1569 5194 Titulos
1590 5138 1768 5214 capitulatim

1018 5227 1053 5281 ito
1065 5226 1207 5301 profertor:
1220 5227 1300 5282 «Trea
1317 5246 1428 5302 persona
1444 5230 1472 5286 io
1485 5229 1607 5306 baptimo
1621 5241 1646 5287 et
1662 5231 1769 5290 sanctin-

1020 5319 1136 5374 acotiooe
1145 5319 1286 5375 animarum
1298 5330 1490 5380 numerentur.»

1567 5477 1598 5530 ¹9
