3990 6092
569 675 770 750 SANCTUS
800 683 1048 750 nronvstus
1078 681 1365 750 assentetur.
1683 683 1748 752 275

180 834 355 936 quamdam
368 834 487 905 intrare
502 833 563 904 sihi
582 833 715 905 invicem
733 859 867 904 manum
883 845 1043 916 tenentes,
1059 833 1229 934 regalibus
1239 831 1370 905 indutos
1380 831 1518 904 vestibus
1534 859 1751 934 coronamque

181 959 214 1028 in
225 956 328 1056 capite
338 967 510 1052 gestantes.
524 953 634 1053 Neque
648 979 708 1052 ego
721 949 808 1025 solus
822 951 883 1025 hac
893 953 1014 1027 visione
1028 953 1145 1052 dignus
1157 955 1288 1026 habitus
1297 981 1385 1039 sum,
1397 953 1453 1026 sed
1467 965 1498 1026 et
1512 953 1751 1027 adolescentula

181 1077 329 1178 quaedam
353 1103 370 1146 e
394 1101 513 1172 genere
536 1074 670 1146 Neronis
687 1074 908 1174 lmperatoris,
931 1101 1030 1174 quam
1045 1075 1121 1178 ipse
1146 1076 1266 1146 Paulus
1287 1074 1512 1174 baptizaverat.
1532 1075 1642 1158 Quum
1665 1077 1751 1147 enim

182 1201 249 1299 ipse
260 1198 382 1270 Paulus
397 1195 494 1270 exiret
507 1196 696 1294 martyrium
708 1221 878 1297 passurus,
892 1196 1030 1295 sumpsit
1041 1195 1142 1295 ipsius
1156 1195 1261 1267 velum
1275 1195 1384 1267 dicens
1397 1226 1405 1266 :
1419 1195 1529 1268 slllud
1546 1197 1605 1268 tibi
1619 1196 1751 1269 reddam

181 1345 279 1392 soum
291 1319 415 1391 redibo.
426 1349 442 1386 a
454 1317 571 1400 Porro,
581 1343 655 1389 cum
666 1331 762 1417 caput
774 1316 834 1388 sub
847 1315 955 1414 gladio
966 1317 1160 1401 demisisset,
1169 1317 1203 1387 in
1213 1314 1275 1388 hoc
1286 1317 1355 1389 velo
1368 1317 1481 1388 [aciem
1495 1343 1586 1390 suam
1598 1317 1751 1398 obvolvit,

182 1456 280 1541 atque
298 1439 527 1512 redeuntibus¹
546 1438 751 1510 camisrcibus
774 1435 851 1510 dixit
866 1437 975 1538 puella
993 1469 1001 1509 :
1021 1437 1107 1518 sUbi
1130 1452 1207 1510 sunt
1227 1437 1342 1510 Petrus
1361 1452 1393 1510 et
1411 1437 1581 1510 Paulus?a
1600 1439 1664 1522 Oui
1687 1466 1755 1512 res-

182 1563 369 1662 ponderunt
394 1561 448 1632 ei:
475 1561 547 1632 slln
566 1559 741 1632 occidimus
763 1587 817 1631 eos
836 1573 868 1630 et
889 1558 986 1630 decisi
1000 1561 1108 1658 jacent
1132 1560 1166 1631 in
1190 1557 1259 1631 loco
1280 1559 1337 1659 qui
1360 1557 1478 1632 dicitur
1501 1559 1670 1644 Amisum,
1697 1560 1754 1631 ubi

183 1684 314 1755 svelum
337 1696 430 1754 tuum
455 1682 612 1779 sangnine
633 1680 828 1752 maculatum
852 1679 993 1780 reperies
1018 1681 1283 1752 circumvolutum
1308 1680 1401 1752 Pauli
1427 1679 1567 1753 vultuis
1585 1681 1625 1753 At
1645 1681 1755 1782 puella

183 1805 261 1878 dirit
286 1802 358 1875 eis:
385 1803 488 1874 allece
512 1801 631 1875 Paulus
654 1815 684 1874 ot
706 1800 821 1872 Petrus
842 1801 906 1872 huc
929 1815 1100 1884 venerunt,
1126 1801 1223 1899 regiis
1246 1801 1387 1874 vestibus
1413 1801 1537 1884 amicti,
1561 1828 1696 1874 coronas
1721 1803 1754 1872 in

183 1925 312 2026 cacapite
329 1937 506 2021 gestantes,
526 1936 558 1994 et
574 1949 646 1995 eece
661 1921 766 1993 velum
785 1922 873 2021 quod
893 1920 996 1994 Paulo
1015 1921 1230 2006 tradideram,
1249 1935 1284 1993 nt
1302 1921 1452 1994 ridetisn
1472 1923 1572 1996 l‘orro
1590 1923 1755 1995 carnifices

184 2047 311 2118 attoniti
329 2047 396 2116 Deo
411 2043 644 2117 benedixerunt
661 2042 820 2143 multique
838 2067 873 2114 er
889 2043 934 2114 eis
949 2044 982 2115 in
1000 2043 1163 2116 Christum
1181 2043 1397 2116 crediderunt.

235 2204 288 2278 lx.
316 2204 407 2276 Nunc
435 2215 560 2286 autern,
580 2202 676 2273 lrater
702 2202 746 2272 mi
768 2201 952 2284 Timothee,
967 2201 1023 2272 ille
1050 2229 1147 2301 quem
1170 2179 1328 2300 diligebas
1350 2202 1391 2275 ad
1409 2201 1572 2274 Christum
1595 2203 1753 2300 migravit.

184 2324 264 2397 Sar'rl
290 2338 322 2396 et
339 2323 494 2397 Jonathas
517 2351 584 2395 non
608 2337 684 2395 sunt
705 2323 843 2422 separati
869 2322 911 2394 ab
931 2323 1065 2394 invicem
1088 2321 1190 2394 donec
1208 2349 1262 2394 eos
1287 2323 1445 2422 separavit
1468 2323 1606 2420 gladius.
1633 2323 1757 2395 Pariter

185 2446 306 2518 Paulus
327 2460 357 2517 et
374 2446 488 2518 Petrus
509 2472 575 2517 non
593 2458 668 2517 sunt
686 2445 823 2545 separati
840 2443 899 2545 [ab
916 2441 1108 2544 invicem²]‚
1127 2471 1231 2544 neque
1249 2443 1381 2542 spiritu,
1399 2471 1504 2544 neque
1522 2471 1666 2544 corporo.
1686 2445 1756 2516 Non

185 2567 271 2639 enim
294 2567 383 2640 omni
400 2593 457 2667 spe
475 2565 625 2638 destituta
644 2579 692 2637 est
708 2565 764 2637 illa
786 2566 945 2665 separatio
968 2593 1033 2666 qua
1051 2592 1240 2664 separamur
1260 2564 1302 2637 ab
1323 2564 1527 2648 hominihus,
1547 2565 1603 2636 sod
1623 2565 1679 2636 illa
1702 2565 1757 2635 de-

187 2689 296 2761 stituta
315 2715 370 2789 spe
388 2701 436 2759 est
450 2687 609 2786 separatio
627 2713 692 2786 qua
710 2713 898 2787 separamur
914 2685 955 2758 ab
972 2687 1106 2758 invicem
1126 2686 1160 2758 in
1180 2686 1290 2758 futuro
1309 2686 1447 2769 mundo,
1464 2685 1618 2787 quoniam
1642 2686 1758 2757 animae

184 2811 346 2909 justorum
364 2837 433 2881 sese
451 2821 565 2880 mutuo
583 2807 853 2908 contemplantur,
872 2808 1085 2910 omniumque
1102 2835 1210 2880 rerum
1224 2807 1451 2907 principalium
1471 2808 1661 2880 memoriam
1680 2807 1759 2879 reti-

188 2944 283 3014 nent,
302 2929 392 3014 licet,
411 2957 470 3002 nec
487 2929 623 3013 moveri,
636 2955 694 3000 nec
714 2929 776 3000 fari
791 2927 928 3001 valeant.
945 2928 1036 3000 Nunc
1054 2929 1153 3024 igitur
1170 2929 1291 3001 Paulus
1309 2941 1341 2999 et
1355 2929 1468 3000 Petrus
1485 2929 1518 2999 in
1538 2929 1642 3001 beatis
1661 2956 1758 3001 man-

187 3052 332 3126 sionibus
350 3049 524 3124 immortali
539 3050 601 3122 vita
619 3050 773 3120 Fruuntur
787 3075 858 3120 curn
873 3049 913 3119 iis
929 3047 971 3120 ud
989 3075 1070 3148 quos
1087 3053 1203 3119 nemo³
1222 3063 1328 3146 petest
1345 3050 1506 3121 accedere.

238 3221 274 3292 X.
304 3218 424 3291 Paulus
437 3216 629 3288 Ecclesiaml
640 3213 766 3315 probris
782 3213 903 3298 allecit,
913 3213 1116 3286 dumvivcret
1132 3214 1310 3286 secundum
1321 3215 1456 3311 Legem,
1468 3216 1523 3287 sed
1538 3217 1641 3288 Deum
1652 3218 1759 3289 hono-

188 3341 274 3412 rifice
291 3339 408 3410 habuit
430 3365 502 3408 cum
527 3335 601 3408 vixit
629 3333 697 3406 sine
723 3333 828 3432 Lege!
853 3331 974 3405 Paulus
998 3331 1110 3436 (254)
1134 3333 1297 3406 Christum
1319 3334 1519 3435 impugnavit
1544 3363 1617 3408 cum
1641 3339 1758 3409 viveret

187 3461 364 3532 secundum
383 3457 676 3538 circumcisionem,
692 3468 725 3528 at
741 3467 853 3556 postea
871 3454 999 3528 Judaeos
1016 3453 1234 3557 Ethnicosque
1251 3483 1420 3555 aggressus
1438 3471 1500 3540 est,
1519 3457 1673 3530 charitato
1691 3459 1758 3558 pie-

187 3594 332 3680 tateque,
347 3605 444 3679 quam
464 3604 539 3676 erga
560 3575 731 3674 gentilium
749 3574 915 3650 ecclesiam
934 3575 1096 3677 concepit,
1110 3575 1282 3678 impulsus!
1303 3576 1424 3650 Paulus
1441 3578 1577 3674 gentiles
1591 3581 1709 3680 sprevit
1726 3595 1757 3651 et

186 3701 313 3802 ligavit,
331 3727 416 3771 nunc
435 3727 507 3771 vere
524 3697 687 3798 lapidatur
702 3711 733 3770 et
751 3695 869 3798 ligatur
883 3712 1017 3798 propter
1032 3713 1155 3796 gentes.

237 3861 289 3932 ΧΙ.
319 3858 373 3932 «0
391 3857 496 3956 abyssi
513 3857 739 3930 thesaurorum
756 3856 922 3956 sapientias
940 3856 1066 3929 Dei⁵lr
1085 3857 1154 3930 Hoc
1176 3857 1335 3956 intellige,
1353 3860 1451 3931 frater
1469 3860 1514 3931 mi
1529 3859 1712 3944 Timothee‚
1726 3876 1758 3932 et

187 3982 273 4054 Deus
288 3981 379 4054 dabit
393 3979 451 4052 tihi
464 3977 684 4050 omnimodam
701 3977 904 4077 sapientiam.
917 3977 980 4050 Ubi
992 3977 1135 4051 Paulusl
1148 3979 1209 4052 Uhi
1224 3980 1362 4052 Petrus?
1377 3980 1436 4054 ttbi
1455 3982 1518 4054 veri
1534 3983 1757 4054 intercessores

186 4103 273 4203 apud
289 4101 417 4175 Deum?
433 4099 530 4183 Vere,
552 4126 571 4171 o
589 4098 772 4182 Timothee‚
792 4125 864 4172 vere
879 4126 924 4170 vae
942 4097 1115 4172 dicendum
1136 4113 1183 4172 est
1200 4099 1276 4171 filiis
1291 4101 1355 4172 illis
1372 4103 1429 4201 qui
1456 4102 1551 4174 talem
1571 4103 1758 4174 occiderunt

186 4225 330 4324 patrem!
348 4222 402 4295 Vae
415 4222 532 4294 iterum
548 4219 715 4320 discipulis
733 4219 871 4320 illisqui
893 4247 911 4292 a
933 4221 1030 4292 tantis
1047 4220 1242 4318 elongantur
1256 4221 1461 4294 doctoribus!
1481 4223 1534 4294 Vae
1555 4224 1667 4298 ovibus
1685 4252 1757 4323 qua

187 4345 306 4418 talibus
321 4344 542 4417 destituuntur
559 4341 760 4442 pastoribus!
780 4339 808 4413 Ο
827 4341 1004 4412 immensus
1017 4340 1182 4442 sapientie
1199 4343 1394 4442 sapientium
1413 4347 1570 4415 oceanus!
1586 4343 1614 4417 Ο
1630 4345 1758 4417 inscru-

187 4467 301 4539 tabiles
315 4463 420 4563 abyssi
430 4466 438 4535 l
449 4463 587 4544 Paulus,
601 4460 760 4561 oppidum
770 4461 1035 4562 inexpugnabile,
1050 4463 1084 4534 in
1098 4465 1188 4562 cujus
1200 4463 1296 4534 sacris
1308 4463 1483 4565 Scripturis
1496 4466 1638 4563 congesti
1649 4467 1758 4564 jacent

187 4585 370 4686 spirituales
384 4583 545 4656 thesauri!
559 4581 657 4654 Nobis
670 4581 695 4653 si
712 4582 842 4653 dixisses
853 4595 883 4653 te
897 4581 938 4654 ad
948 4579 1112 4655 Christum
1124 4583 1290 4668 lestinare,
1303 4581 1397 4686 [sano
1414 4613 1615 4658 curassemus
1628 4600 1756 4660 tuarum

189 4707 394 4806 epistolarum
413 4707 698 4804 interpretamenta
721 4701 922 4804 colligeret]
943 4703 1034 4777 Nune
1054 4718 1179 4790 autem,
1196 4706 1275 4806 quid
1293 4733 1425 4803 agemus
1443 4707 1597 4806 quoniam
1612 4708 1759 4808 Scriptu-

189 4854 298 4899 rarum
314 4827 452 4900 lectione
468 4823 651 4897 defraudati
666 4825 801 4895 sumus?
814 4825 926 4896 Frater
944 4825 989 4896 mi
1006 4825 1189 4908 Timothee,
1206 4827 1274 4898 noli
1291 4827 1443 4927 deinceps
1457 4827 1636 4929 Antiquam
1652 4828 1758 4926 legere

188 4945 465 5048 (Testamentum)
483 4958 515 5017 et
535 4971 575 5017 ne
596 4944 707 5016 eredas
729 4971 841 5016 omnes
859 4971 999 5017 canones
1022 4973 1040 5018 a
1059 4942 1161 5018 Paulo
1179 4944 1313 5019 traditos
1326 4975 1393 5020 esse
1412 4946 1568 5020 divinos⁷.
1588 4947 1653 5021 Sed
1673 4975 1759 5021 nunc

189 5065 300 5164 vigila,
317 5068 351 5138 in
366 5068 511 5140 oratione
526 5066 681 5138 instanter
698 5092 866 5165 persevera
884 5081 982 5166 atque
999 5093 1016 5137 a
1036 5067 1175 5139 Domino
1193 5081 1228 5138 ut
1247 5067 1338 5140 nohis
1353 5067 1445 5140 Pauli
1460 5069 1638 5142 doctrinam
1656 5070 1760 5142 tradat

232 5272 239 5302 ¹
258 5267 540 5342 demittam-sifidius.
551 5271 608 5310 —'
627 5267 737 5323 hemitt.
748 5271 804 5308 -³
824 5267 937 5322 nomia.
1013 5273 1073 5310 -⁸
1092 5270 1205 5324 Bomitt.
1223 5270 1278 5310 -—⁷
1298 5269 1344 5324 Hic
1359 5289 1407 5324 nen
1426 5289 1513 5343 pamm
1530 5271 1614 5326 differt
1626 5275 1704 5328 versio
1721 5293 1762 5328 ar-

188 5372 273 5434 potert.
285 5363 341 5400 -⁸
359 5361 379 5416 B
392 5360 472 5415 omitt.
484 5359 623 5414 buteriam.
634 5363 690 5401 —⁵
709 5359 748 5414 Ad
758 5358 886 5424 Romanos,
901 5378 938 5424 rr,
1013 5379 1086 5414 mena
1098 5379 1112 5414 a
1126 5361 1236 5416 versione
1249 5361 1347 5431 syriaca.

193 5457 235 5510 33.
250 5455 269 5510 Β
282 5466 303 5508 et
316 5453 469 5524 intelligentia
482 5453 604 5526 sapimus
618 5453 778 5516 ethnicorum
791 5453 870 5506 omitt.
886 5451 937 5506 ms.

1562 5591 1606 5638 ιδ’,
