4006 6098
543 557 744 628 SANCTUS
773 561 1035 628 GREGORIUS
1060 562 1436 631 THAUMATURGUS.
1705 571 1768 636 387

201 706 341 779 canticos
365 705 582 778 modulantes.
608 708 644 780 ln
667 708 830 781 altissimis
852 723 974 782 canunt
993 711 1125 808 Angeli,
1148 711 1407 814 Archangelique
1431 712 1567 811 hymnus
1584 716 1771 813 proferunt,
1827 723 1832 731 '

200 828 354 900 coelorum
377 827 556 900 Cherubim
568 827 701 913 laudes,
719 831 957 931 seraphimque
975 832 1112 928 gloriam
1130 833 1191 905 llei
1208 833 1389 917 celebrant,
1404 833 1592 906 «Sanctus»
1612 838 1770 910 canendo.

200 947 322 1024 Omnes
342 949 438 1021 simul
457 948 629 1042 laetilerum
646 949 764 1023 festum
782 965 899 1050 agunt,
914 953 1019 1025 Deum
1038 953 1183 1026 videntes
1205 954 1239 1026 in
1260 968 1345 1028 terra
1366 955 1598 1057 hominemque
1616 957 1658 1030 od
1676 958 1771 1032 scelos

198 1069 375 1144 sublatum.
402 1068 573 1142 Interiores
602 1071 644 1142 ad
674 1071 738 1144 alta
766 1071 932 1146 elevantur
955 1073 1015 1146 Dei
1041 1073 1260 1172 providentia,
1284 1074 1430 1174 altaque,
1455 1076 1586 1148 caritate
1613 1077 1672 1148 Dei
1694 1105 1769 1176 erga

199 1189 364 1275 homines,
379 1189 579 1264 inclinantur
594 1190 635 1264 ad
649 1191 820 1277 inferiora,
837 1193 992 1292 quoniam
1011 1190 1193 1266 Altissimus
1208 1194 1390 1267 humilitate
1405 1223 1464 1266 sua
1482 1197 1613 1268 revehit
1629 1197 1770 1272 humiles

199 1310 266 1384 sad
283 1311 407 1384 alla¹n.
455 1372 460 1382 .

249 1495 290 1570 ll.
318 1495 357 1569 ln
371 1496 434 1569 hoc
448 1523 572 1596 magna
583 1496 760 1570 festivitatis
771 1498 840 1584 die,
857 1497 971 1571 similis
987 1499 1066 1572 coelo
1081 1498 1187 1572 evadit
1201 1497 1408 1585 Bethlehem,
1423 1501 1595 1601 quoniam,
1610 1516 1768 1575 astrorum

197 1617 268 1692 loco
287 1615 543 1720 splendentium,
560 1617 692 1718 angelos
713 1619 822 1718 gloriae
847 1634 1009 1705 cantores,
1028 1633 1076 1704 et,
1095 1619 1228 1692 visibilis
1247 1619 1324 1694 solis
1342 1620 1430 1706 loco,
1447 1621 1611 1694 infinitum
1630 1622 1770 1696 immen-

197 1766 335 1839 sumque
346 1737 479 1839 justitio
494 1737 595 1810 solem
611 1739 750 1841 suscepit
764 1740 1000 1842 hospitio,haeo
1016 1739 1125 1815 omnia
1142 1741 1331 1813 continendi
1346 1767 1443 1843 capax
1459 1741 1581 1815 ellectu.
1598 1742 1679 1828 Quis
1695 1771 1769 1817 vero

197 1860 278 1933 tanti
295 1859 438 1960 mysterii
453 1888 525 1961 quar
543 1873 576 1933 et
586 1859 700 1963 quanti
717 1860 783 1934 sint
800 1875 963 1934 momenta
976 1862 1112 1935 serutari
1129 1861 1268 1934 audeat?
1283 1861 1380 1946 Quod
1398 1863 1485 1935 enim
1502 1862 1569 1936 vult
1586 1864 1690 1950 Deus,
1710 1865 1771 1936 im·

196 1981 310 2084 pedire
330 2008 394 2054 uon
414 1980 498 2054 valet
520 1995 677 2055 creatura.
695 1982 803 2056 Voluit
822 1982 921 2082 igitur
938 1983 1040 2068 lleus,
1062 1981 1245 2068 descendit,
1264 1983 1402 2056 salutem
1423 1983 1595 2057 hominum
1619 1999 1770 2085 operatus

197 2117 260 2188 est,
284 2100 465 2204 debilisque
493 2129 558 2176 non
584 2118 632 2176 est
654 2103 774 2190 lactus,
796 2103 952 2205 quoniam
979 2117 1200 2194 creaturarum
1225 2103 1372 2178 omnium
1395 2105 1458 2178 vita
1481 2133 1499 2177 a
1522 2105 1686 2180 voluntate
1710 2107 1769 2179 Dei

196 2225 326 2326 pendet.

249 2410 305 2483 lll.
334 2411 372 2485 ln
388 2410 451 2484 hoc
473 2409 525 2484 die
551 2409 686 2484 laetilero
710 2409 751 2484 ad
772 2412 970 2484 nativitatem
995 2413 1127 2486 accessit
1148 2411 1253 2496 Deus;
1275 2411 1310 2483 in
1332 2410 1395 2484 hoo
1416 2412 1526 2510 magni
1543 2411 1696 2485 transitus
1716 2413 1769 2486 die

197 2532 285 2607 Deus
306 2533 408 2605 laetus
426 2547 473 2606 est
496 2532 584 2634 quod
603 2559 669 2605 non
687 2546 771 2617 erat,
790 2532 945 2634 quoniam
968 2547 1037 2606 erat
1053 2534 1158 2617 Deus,
1175 2546 1208 2605 et
1226 2533 1331 2605 lactus
1353 2545 1402 2606 ert
1415 2533 1530 2618 bomo,
1547 2533 1626 2633 quin
1644 2561 1663 2605 a
1683 2533 1769 2607 divi-

195 2653 296 2726 nitate
309 2653 478 2727 excideret.
490 2654 557 2728 Sua
576 2669 690 2727 natura
706 2653 863 2755 spoliatus
878 2681 944 2726 non
961 2667 1024 2739 est,
1041 2681 1117 2726 nam
1135 2653 1239 2726 lactus
1257 2654 1357 2726 homo
1372 2656 1528 2726 remansit
1542 2654 1640 2725 Deus.
1659 2652 1768 2756 (135)

196 2772 375 2847 Crescendo
393 2774 529 2859 etenim,
548 2774 812 2876 acquirendoque
834 2787 953 2848 statum
974 2801 1182 2876 supremum,
1201 2774 1347 2847 hnmana
1364 2774 1480 2848 virtute
1505 2771 1547 2846 ad
1568 2773 1768 2847 divinitatem

194 2923 262 2968 uon
281 2910 330 2968 est
351 2910 478 2968 evectus
498 2923 535 2968 ac
556 2896 674 2996 siquis
695 2923 731 2968 ex
750 2893 883 2969 homine
902 2895 994 2968 lieret
1013 2895 1111 2968 Deus.
1129 2895 1211 2979 Sed,
1232 2921 1307 2968 cum
1327 2907 1409 2968 esset
1425 2895 1584 2980 Verbum,
1601 2897 1769 2969 tormentis

194 3015 339 3090 alienum
347 3021 372 3102 ⁹,
390 3016 494 3089 lactus
506 3030 554 3089 est
566 3025 683 3117 eorpus
699 3027 730 3088 et
746 3015 913 3115 apparuit,
930 3041 996 3087 non
1012 3026 1172 3098 mutatus,
1189 3040 1255 3086 non
1272 3014 1353 3088 alter
1364 3015 1483 3101 lactus,
1499 3043 1605 3117 nequo
1619 3044 1638 3088 a
1652 3032 1767 3090 natura

194 3164 293 3238 quam
309 3137 496 3238 possidebat
513 3136 642 3210 decidit.

420 3253 438 3282 §a

245 3322 299 3395 lV.
327 3322 427 3395 Natus
445 3336 493 3395 est
512 3322 546 3394 in
563 3321 674 3394 Judaea
692 3345 745 3394 rex
763 3347 880 3405 novus,
899 3319 1068 3420 Judaeique
1086 3345 1201 3394 novam
1219 3332 1317 3420 atque
1334 3319 1516 3392 mirabilem
1535 3321 1732 3396 nativitatem
1747 3350 1765 3394 a

193 3444 351 3520 Gentibus
367 3443 520 3518 creditam
538 3443 783 3543 impugnarunt.
807 3441 921 3514 Libros
938 3441 1033 3540 Legis
1049 3440 1353 3541 prophetarumque
1372 3455 1457 3514 recte
1479 3468 1547 3514 non
1571 3442 1765 3542 interpreta-

193 3569 312 3640 bantur
329 3565 502 3651 Pharisei3
521 3565 583 3638 sibi
604 3563 740 3637 invicem
759 3563 1010 3636 contradicentia
1030 3560 1216 3636 asserebant
1232 3561 1353 3637 Scribe
1371 3575 1404 3636 et
1420 3561 1626 3664 legisperiti,
1649 3591 1764 3636 novom

193 3688 409 3788 mysterioque
426 3685 556 3786 plenam
575 3684 773 3758 nativitatem
787 3685 943 3782 indagare
956 3683 1090 3756 tentavit
1105 3683 1266 3768 Herodes,
1284 3710 1351 3754 non
1367 3696 1404 3755 ut
1420 3710 1530 3780 regem
1548 3683 1673 3757 honore
1690 3711 1765 3784 pro-

192 3821 393 3909 sequeretur,
411 3807 469 3879 sod
485 3821 520 3879 ut
535 3807 636 3907 ipsius
649 3807 745 3880 vitam
764 3805 904 3878 emedio
922 3804 1060 3878 tolleret.

243 3996 280 4067 V.
309 3995 345 4066 ln
361 3994 423 4065 hoc
438 4020 556 4092 magno
575 3993 628 4064 die
642 3991 805 4064 mirabilia
822 3991 968 4064 videmus
985 3989 1122 4062 maxime
1142 4021 1150 4062 ε
1168 4017 1277 4088 reges,
1294 3988 1440 4090 deposita
1462 4015 1597 4075 corona,
1618 4017 1725 4088 regem
1744 4017 1762 4062 e

191 4117 271 4201 coelo
286 4115 477 4200 demissum,
497 4141 622 4186 summo
643 4112 792 4215 prodigia
812 4126 1015 4196 noscentem,
1034 4112 1161 4210 ajustis
1181 4110 1312 4209 regibus
1329 4123 1453 4195 ortum,
1468 4137 1608 4211 puerum
1624 4110 1760 4195 lactum,

190 4236 358 4310 blanditiis
383 4221 467 4309 inter
490 4235 622 4308 brachia
646 4233 787 4332 Virginis
814 4233 919 4306 fotum
944 4232 1091 4306 adorant.
1118 4233 1198 4317 Oui,
1225 4231 1343 4305 relictis
1367 4231 1514 4330 Angelis,
1534 4229 1758 4329 Archangelis,

191 4359 345 4442 Thronis,
363 4357 663 4439 Dominationibus,
683 4354 880 4438 Virtutibus,
899 4354 1074 4450 Viqilibus,
1094 4355 1304 4454 igniferisque
1320 4353 1472 4425 omnibus
1490 4353 1681 4454 Spiritibus,
1700 4381 1761 4424 nu-

192 4507 263 4552 vum
287 4480 374 4553 solus
393 4478 520 4551 calcans
538 4479 599 4549 iter
621 4505 657 4548 ex
676 4476 828 4549 inviolato
847 4477 1036 4576 seminaque
1055 4474 1209 4547 destituto
1227 4489 1318 4547 utero
1338 4475 1438 4558 vonit,
1454 4488 1578 4546 creator
1597 4473 1758 4554 omnium,

190 4603 296 4674 oriens
312 4615 429 4674 terram
446 4599 704 4681 illuminaturus,
723 4598 803 4698 quin
823 4596 951 4670 orbatos
970 4597 1103 4695 angelos
1124 4597 1321 4696 relinqueret
1340 4596 1387 4667 vcl
1405 4595 1503 4667 homo
1522 4597 1658 4667 lactuse
1681 4595 1759 4666 divi-

190 4725 289 4794 nitate
305 4722 418 4824 pulsus
433 4721 601 4793 excideret.

240 4908 292 4980 Vl.
321 4908 489 4980 Coelcstem
508 4934 617 5006 regem
640 4905 743 5004 gloria
762 4919 793 4979 et
814 4906 938 4978 honoro
959 4919 1201 5006 prosequuntur
1224 4931 1316 5002 roges
1339 4903 1394 4975 alii
1415 4930 1543 4988 omnes3
1563 4903 1758 4974 exercituum

189 5026 264 5098 duci
279 5054 388 5128 preces
406 5043 437 5100 et
447 5028 697 5130 supplicationes
713 5028 852 5098 ollcrunt
867 5029 1002 5113 milites3
1018 5026 1169 5099 mulieres
1189 5025 1331 5097 mulieris
1348 5025 1451 5096 filium
1469 5033 1667 5108 reverentur,
1683 5023 1758 5122 quia

226 5263 233 5294 ¹
254 5259 312 5315 hur.
329 5279 350 5326 r,
368 5261 410 5314 52.
422 5295 458 5302 —
473 5265 482 5295 ¹
498 5263 555 5316 llaec
569 5281 645 5336 quam
662 5269 718 5337 apte
733 5267 869 5335 congruant
887 5279 943 5314 cum
958 5260 989 5314 iis
1001 5279 1057 5332 quae
1073 5259 1189 5331 leguntur
1205 5258 1232 5310 in
1249 5263 1351 5310 tractatu
1366 5257 1396 5309 de
1409 5254 1520 5308 Possidili
1532 5268 1555 5308 rt
1570 5255 1717 5327 lnporrililv'
1729 5257 1753 5308 io

189 5353 251 5422 Deo,
265 5373 339 5411 nemo
354 5354 447 5428 estqui
462 5373 512 5407 non
527 5354 615 5408 videat.
