4006 6098
270 552 337 628 did
620 551 795 618 airaon
820 550 1219 620 ANTENICAENORUM
1245 552 1486 624 anathem.

271 701 392 801 quique
407 726 465 800 per
481 699 599 770 Filium
618 698 777 771 revelatur
788 704 797 743 ¹
810 698 943 798 quidem
958 697 1161 784 hominibus,
1173 699 1350 796 Imaginem
1369 701 1443 772 Filii
1459 701 1591 801 perlecti
1602 707 1626 784 ²,
1642 701 1744 774 Vitam
1762 730 1841 802 per·

270 821 402 906 lectam,
423 821 559 892 Causam
581 820 772 905 viventium,
788 820 965 892 Sanctum³
983 834 1015 892 et
1031 821 1185 893 Datorem
1199 821 1390 908 sanctitatis;
1406 849 1465 922 per
1485 848 1582 922 quem
1598 836 1844 922 cognoscuntur

272 943 358 1014 Deus
379 942 484 1026 Pater,
504 941 560 1041 qui
580 955 742 1041 estsuper
759 941 867 1014 omnia
886 955 918 1013 et
936 943 969 1013 in
991 941 1159 1027 omnibus,
1178 956 1210 1014 et
1230 943 1316 1014 Deus
1334 943 1359 1014 F
1361 942 1451 1026 ilius,
1468 943 1525 1044 qui
1544 945 1839 1044 asportandis,

271 1063 461 1135 Trinitatem
478 1063 653 1162 perfectam
666 1063 725 1132 ini
740 1062 858 1160 gloria,
878 1063 912 1134 in
935 1089 1003 1135 esse
1025 1076 1057 1135 et
1074 1063 1107 1135 in
1127 1089 1241 1162 regn03
1261 1090 1333 1162 quae
1350 1091 1408 1136 nec
1425 1064 1579 1136 dividitur
1595 1091 1654 1136 nec
1672 1065 1842 1138 abaliena-

272 1196 325 1255 tur
337 1187 361 1254 ⁶.
380 1183 449 1255 Non
469 1197 517 1255 est
533 1183 633 1281 igitur
652 1183 776 1283 aliquid
794 1197 936 1256 creatum
956 1197 1013 1255 aut
1031 1183 1144 1256 servile
1164 1184 1199 1255 in
1216 1184 1388 1269 Trinitate,
1407 1212 1514 1285 neque
1534 1212 1615 1258 nove
1638 1185 1670 1258 in
1689 1213 1759 1258 eam
1782 1187 1841 1258 in-

274 1303 425 1376 ductum⁷
438 1317 486 1375 est
497 1302 637 1402 aliquid,
654 1316 810 1403 tanquam
824 1305 960 1376 antehac
971 1302 1091 1406 (non3)
1107 1305 1244 1377 existens
1254 1317 1430 1405 posteaque
1446 1305 1841 1406 additom⁹.Nunquam¹⁰

273 1424 376 1496 deluit
393 1424 494 1497 Filius
512 1424 614 1508 Patri,
634 1451 742 1524 neque
766 1425 847 1497 Filio
865 1425 1021 1524 Spiritus;
1037 1425 1093 1498 sed
1116 1452 1242 1525 semper
1267 1425 1335 1525 ipsa
1351 1425 1491 1498 Trinitas
1517 1427 1789 1499 incommutabilis
1806 1443 1841 1501 et

274 1545 486 1622 immutabilis
503 1559 694 1645 perseverat.
714 1543 799 1646 (82)

1036 1813 1072 1885 ll

744 1986 778 2048 Α.
801 1986 918 2049 alnas
939 1987 1154 2049 SECUNDUM
1176 1985 1329 2048 PARTES
1342 1983 1369 2046 ¹¹.
1437 1929 1443 1944 ι

326 2196 352 2268 Ι.
380 2196 507 2268 lnimici
526 2208 557 2268 et
577 2195 770 2268 confessioni
787 2193 968 2294 apostolicae
989 2193 1152 2294 peregrini
1167 2207 1258 2278 sunt,
1277 2206 1346 2265 tum
1364 2193 1412 2265 illi
1430 2193 1520 2294 quia
1539 2193 1641 2267 nihilo
1660 2207 1692 2266 et
1708 2222 1727 2266 a
1752 2193 1846 2294 prin-

276 2315 360 2416 cipio
378 2317 544 2388 emittente
566 2342 634 2387 esse
652 2315 787 2398 Filium,
802 2328 913 2415 postea
934 2315 1128 2415 acquisitum
1151 2314 1254 2398 Patri,
1276 2314 1404 2399 dicunt3
1422 2327 1491 2386 tum
1517 2313 1564 2386 illi
1592 2315 1649 2415 qui
1667 2315 1781 2388 eadem
1803 2314 1845 2386 de

276 2437 400 2537 Spiritu
413 2438 532 2510 Sancto
549 2437 706 2520 sentiunt,
720 2435 840 2536 quique
854 2435 939 2507 dono
956 2450 988 2508 et
1004 2437 1107 2536 gratia
1124 2435 1243 2508 Filium
1259 2436 1380 2507 lactum
1395 2436 1493 2507 fuisse
1508 2436 1627 2520 Deum,
1639 2449 1671 2508 et
1686 2435 1847 2536 Spiritum

277 2558 432 2630 Sanctum
454 2557 647 2629 sanctificari
661 2569 833 2654 *asseruat3
856 2557 914 2656 qui
941 2556 1015 2628 Filii
1035 2583 1151 2628 nomen
1175 2583 1339 2630 servorum
1365 2555 1488 2627 nomini
1508 2581 1680 2630 commune
1703 2556 1845 2642 faciuat3

277 2677 335 2776 qui
353 2678 397 2748 sic
412 2679 437 2750 F
439 2677 531 2748 ilium
547 2677 717 2749 creationis
734 2677 986 2778 primogenitum
999 2675 1127 2761 dicunt,
1141 2704 1178 2749 ac
1196 2677 1222 2748 si
1238 2703 1274 2748 ex
1291 2676 1394 2748 nihilo
1408 2690 1439 2748 et
1454 2677 1520 2776 ipse
1536 2677 1761 2750 tantummodo
1779 2677 1848 2776 pri-

277 2825 350 2868 mus
361 2797 464 2869 lactus
480 2798 606 2884 luisset;
623 2799 679 2898 qui
695 2825 760 2870 non
774 2798 968 2870 confitentur
984 2796 1075 2867 illum
1090 2796 1310 2894 unigenitum,
1329 2797 1500 2897 solumque
1518 2797 1622 2869 Patris
1640 2797 1774 2883 Filium,
1788 2799 1846 2898 qui

277 2917 378 2989 voluit
400 2919 608 2990 annumerari
624 2918 831 3002 mortalibus,
851 2931 947 3017 atque
965 2917 1008 2988 ita
1029 2917 1091 2988 luit
1108 2917 1237 2990 habitus
1262 2929 1297 2988 ut
1317 2919 1567 3017 primogenitus,
1587 2917 1643 3018 qui
1660 2918 1848 3015 generatio-

278 3064 353 3109 nem
372 3037 445 3111 Filii
464 3066 499 3111 ex
519 3039 613 3111 Patre
632 3039 775 3110 humana
796 3039 965 3111 duratione
974 3043 1000 3082 ¹²
1017 3038 1199 3109 mensurari
1213 3037 1373 3122 scribunt3
1391 3039 1447 3139 qui
1462 3039 1584 3139 absque
1602 3038 1761 3138 principio
1777 3065 1846 3110 esse

278 3158 489 3231 eternitatem
512 3160 619 3233 Geniti
644 3173 676 3232 et
693 3159 854 3232 Genitoris
867 3164 892 3206 ¹³
910 3185 974 3232 non
999 3159 1209 3244 confitentum
1228 3159 1285 3258 qui
1306 3170 1370 3230 tres
1393 3159 1498 3230 cultus
1519 3159 1659 3231 diversos
1677 3173 1709 3230 et
1723 3157 1847 3230 alienos

278 3278 489 3353 introducunt
508 3313 516 3353 ε
536 3309 609 3353 cum
628 3281 668 3353 sit
688 3308 773 3353 unus
796 3294 827 3352 et
844 3280 931 3352 solus
952 3280 1065 3376 legalis
1084 3279 1188 3352 cultus
1207 3306 1304 3380 quem
1322 3278 1455 3379 quidem
1473 3307 1508 3350 ex
1527 3279 1611 3376 Lege
1629 3293 1661 3350 et
1678 3279 1847 3378 Prophetis

279 3415 492 3501 acceptum‚a
512 3403 650 3474 Domino
671 3401 913 3482 confirmatum,
933 3428 951 3471 a
969 3399 1086 3471 sanctis
1103 3399 1262 3499 Apostolis
1284 3397 1493 3500 praedicatum
1516 3411 1674 3470 tenemus.
1692 3399 1763 3470 Non
1782 3399 1847 3469 mi-

279 3549 341 3593 nus
359 3522 457 3594 alieni
474 3537 550 3595 sunt
562 3523 619 3622 qui
634 3520 822 3594 Trinitatem
839 3546 905 3592 non
921 3519 1100 3591 secundum
1114 3521 1295 3604 veritatem,
1307 3547 1343 3590 ex
1358 3519 1462 3591 tribus
1478 3519 1624 3618 personis
1640 3519 1845 3601 confitentur,

280 3641 388 3714 sedin
410 3643 534 3714 unitate
552 3640 744 3742 triplicatam
762 3639 941 3712 secundum
959 3639 1224 3739 compositionem
1251 3639 1349 3738 impie
1368 3638 1513 3737 lingunt,
1528 3652 1575 3723 et,
1594 3637 1627 3711 in
1642 3639 1711 3710 Deo
1729 3637 1846 3710 Filium

280 3788 365 3846 esse,
379 3761 531 3834 humana
549 3761 714 3861 sapientie
731 3761 842 3844 instar,
857 3787 921 3860 qua
940 3759 1039 3834 homo
1057 3757 1142 3862 (83)
1160 3759 1287 3860 sapiens
1305 3773 1369 3842 est,
1388 3760 1578 3858 opinantur3
1597 3771 1630 3832 et
1645 3757 1787 3831 Verbum
1804 3756 1847 3829 si-

318 4033 325 4064 ¹
347 4031 391 4088 Gr.
404 4033 524 4099 vetante
539 4027 633 4090 tutata
652 4028 798 4103 ἀνθρώποις.
818 4029 849 4084 la
865 4028 932 4085 hune
945 4029 1026 4084 locam
1101 4045 1159 4084 cam
1177 4045 1229 4103 praa
1249 4027 1327 4084 oculis
1345 4025 1461 4082 habaima
1476 4025 1575 4082 videtur
1593 4025 1727 4100 Gregorius
1744 4025 1801 4081 Nea.
1820 4023 1846 4078 in

281 4123 365 4179 confer
378 4123 549 4178 annotationes
561 4123 683 4198 lequieni
700 4123 727 4177 ia
743 4122 833 4178 Patrd.
849 4122 892 4178 Gr.
911 4123 1026 4186 tamaii,

281 4217 332 4271 oola
346 4219 413 4289 985,
425 4225 476 4271 not.
486 4219 530 4288 69.
542 4249 579 4258 —
589 4216 750 4272 ’Secundum
766 4223 847 4270 textus
855 4216 927 4291 graeci
938 4223 1028 4290 puncta

280 4309 426 4364 vertendam
437 4317 488 4364 eat:
500 4309 652 4384 «Imaginem
661 4309 732 4373 Filii,
740 4307 841 4383 perlecti
851 4307 1027 4382 perlecta,Vita

282 4403 434 4458 aviaeatiam
448 4419 547 4457 causan
560 4403 653 4456 Verum
666 4421 736 4475 syrus
746 4403 811 4456 hana
824 4403 962 4457 versionem
977 4419 1028 4455 noa

280 4497 381 4570 patitur,
393 4495 446 4550 lmo
458 4495 574 4559 Rufinus,
590 4515 639 4550 noa
654 4513 724 4550 secus
740 4513 768 4550 ac
777 4513 860 4567 syrus,
872 4512 980 4570 patum
992 4493 1028 4548 le-

280 4591 344 4664 gisae
359 4596 453 4644 textam
466 4589 564 4643 ridetur
575 4607 605 4642 ac
623 4589 643 4642 ai
663 4595 726 4644 esset
740 4609 746 4641 a
763 4590 837 4641 elada
850 4595 895 4640 τοῦ
908 4590 972 4640 ’Ποῦ
983 4606 1028 4639 re-

281 4685 362 4736 λείου·
381 4683 466 4736 ralala
484 4681 548 4745 (aad,
564 4680 663 4741 (darm
680 4683 751 4734 atate
764 4711 802 4722 -
815 4683 826 4714 ³
845 4679 891 4734 llic
904 4699 941 4754 gr.
951 4681 1028 4748 mayel

280 4777 339 4845 tyla
349 4773 457 4840 additur,
471 4773 537 4847 quod
550 4773 670 4846 conlegit
682 4772 793 4828 Rufinus.
809 4773 852 4827 Gr.
863 4773 968 4842 dyadem
976 4773 1028 4825 loca

281 4869 366 4924 macti.
384 4869 420 4922 lta
442 4869 516 4921 etiam
538 4865 650 4920 Rufinus.
670 4897 708 4906 -
725 4867 735 4900 ⁸
755 4865 858 4921 Rufinus
874 4883 919 4936 per
941 4882 1027 4917 mmai.

281 4961 439 5027 lambecius,
461 4959 586 5015 Coronant.
605 4957 688 5013 Bihlr'c.
709 4957 762 5012 cas.
785 4957 829 5012 lib.
852 4957 887 5022 ll,
908 4977 933 5032 p.
955 4975 1028 5028 apo:

281 5075 325 5129 per
338 5075 407 5130 quoa
419 5055 505 5109 omnia.
521 5057 552 5109 ht
560 5053 624 5108 hanc
634 5053 747 5107 ultimam
758 5051 899 5114 lectionem,
916 5067 972 5124 qua
984 5067 1030 5122 po-

283 5149 331 5203 tior
343 5167 395 5204 aare
409 5146 534 5203 videratur
549 5163 676 5222 nequegr.
689 5144 850 5208 includerer,
863 5161 945 5217 nequa
960 5161 1030 5216 syrus

284 5242 359 5297 naua
380 5241 484 5296 dadioad
502 5241 557 5295 coel
576 5239 732 5296 confirmant
753 5267 789 5280 -
808 5241 818 5272 ⁸
836 5237 985 5292 Particulam
1004 5236 1029 5288 ia

284 5335 398 5408 ignorant
412 5341 465 5390 tam
481 5353 517 5407 gr.
531 5341 623 5397 uatus,
636 5342 689 5388 tum
704 5333 815 5388 Rufinus.
830 5335 892 5374 -“
911 5329 984 5385 lluac
996 5330 1030 5384 lo

1104 4120 1173 4176 Oroa
1191 4139 1278 4176 auara.
1294 4121 1337 4176 cfr
1351 4119 1442 4176 Patrai.
1460 4120 1502 4174 Gr.
1524 4119 1559 4185 ll,
1571 4117 1618 4176 col.
1631 4120 1700 4192 986,
1715 4135 1741 4174 a.
1752 4136 1796 4192 7¹·
1810 4149 1848 4158 -

1102 4217 1112 4248 ⁷
1131 4217 1175 4270 (ir.
1185 4214 1346 4268 luticulas.
1357 4213 1413 4267 ltut.
1423 4213 1627 4285 raparairdttatum.
1639 4211 1682 4267 Cir
1690 4213 1765 4265 etiam
1773 4211 1848 4284 Greg.

1103 4307 1174 4372 Naa,
1190 4305 1258 4360 Orat.
1275 4325 1316 4370 aa,
1334 4303 1423 4358 Patrai.
1441 4303 1484 4358 Gr.
1496 4303 1532 4369 X,
1548 4305 1592 4360 col,
1606 4306 1674 4377 987,
1689 4311 1740 4358 not
1754 4303 1798 4358 aa.
1811 4333 1848 4342 -

1102 4403 1113 4435 ⁸
1131 4400 1184 4453 Noa
1203 4399 1296 4453 omittit
1309 4397 1362 4452 ood.
1381 4397 1480 4470 1t598.
1499 4429 1537 4438 —-
1555 4399 1565 4430 ⁸
1585 4397 1627 4452 Gr.
1643 4394 1798 4449 hauath
1811 4425 1848 4434 -

1103 4496 1121 4527 ¹⁰
1140 4493 1215 4563 Syrus
1228 4491 1321 4546 omittit
1333 4490 1377 4542 ads
1391 4497 1434 4543 aut
1445 4490 1505 4563 γάρ.
1517 4489 1694 4564 Fragmentum
1704 4486 1778 4560 hujus
1787 4504 1850 4558 sym·

1102 4584 1151 4638 boli
1171 4583 1205 4637 ita
1221 4581 1317 4657 praebet
1332 4582 1407 4636 codex
1422 4583 1524 4648 attat,
1539 4581 1586 4636 auh
1605 4582 1697 4637 h'tuloa
1718 4578 1848 4652 aGregorii

1105 4675 1313 4750 «Thaumaturgi,
1326 4673 1471 4748 exspnrbolo
1480 4674 1538 4730 fidei
1549 4673 1614 4749 qaod
1623 4693 1669 4748 per
1675 4673 1848 4728 revelationem

1104 4859 1204 4913 «titium
1219 4861 1246 4913 ia
1260 4861 1393 4922 Trinitate,
1408 4877 1437 4914 aa
1450 4861 1472 4914 ai
1486 4859 1588 4914 antehac
1599 4877 1650 4913 noa
1667 4865 1744 4923 asset,
1757 4857 1784 4911 ia
1799 4855 1849 4910 liae

1104 4960 1204 5007 sautem
1219 4952 1480 5008 subintrasset.a--¹¹
1499 4951 1588 5006 Patr-ol.
1602 4951 1645 5005 Gr.
1660 4951 1695 5016 X,
1710 4951 1756 5004 col.
1770 4967 1848 5003 rios.

1104 5046 1147 5101 Cir
1162 5045 1289 5109 Gallaadi,
1304 5045 1361 5100 ibid.
1383 5045 1427 5099 rol.
1441 5061 1508 5116 970,
1527 5051 1551 5098 et
1569 5043 1704 5118 prasertim
1720 5039 1847 5102 hllatiam,

1104 5139 1160 5194 ibid.
1181 5140 1227 5194 eol.
1244 5155 1413 5210 saar-raap,
1428 5137 1467 5192 vel
1483 5137 1509 5191 in
1527 5137 1585 5192 hlaii
1606 5133 1718 5189 Bittora
1739 5151 1790 5187 aaa.
1804 5131 1848 5196 Vl,

1106 5235 1141 5307 95
1154 5239 1240 5307 etseq.
1250 5265 1288 5274 -
1298 5229 1319 5268 '¹'
1335 5231 1378 5287 Gr.
1393 5229 1545 5299 duellam
1558 5261 1595 5270 —
1605 5231 1623 5264 ¹⁸
1642 5229 1686 5283 Gr.
1701 5227 1819 5283 aaroni
1829 5233 1851 5277 at
