3990 6092
728 581 929 650 saherus
959 581 1175 648 lRENdlUS.
1231 583 1232 588 ’
1669 582 1736 650 297

166 759 297 831 cneque
319 730 438 804 Filium
462 731 523 803 nisi
543 731 639 803 Pater
655 743 687 802 et
704 731 964 832 quibuscumque
983 731 1083 803 Filius
1102 727 1346 803 revelaverit1».
1368 730 1615 803 «Revelaveritn
1633 731 1738 816 enim,

167 880 231 925 non
247 853 353 924 solum
368 851 410 924 de
426 853 535 924 futuro
549 851 671 923 dictum
690 866 753 936 est,
770 881 806 925 ac
825 853 851 924 si
870 853 1016 952 caepisset
1034 851 1175 924 Verbum
1192 851 1333 924 revelare
1351 851 1495 938 Patrem,
1512 865 1585 952 post
1602 854 1671 952 ejus
1688 879 1740 924 or-

166 987 235 1046 tum
254 1002 289 1045 ex
304 972 424 1057 Maria,
439 1001 549 1046 verum
567 973 628 1045 hoc
647 972 688 1045 de
703 973 849 1073 quolibet
865 986 1009 1074 ternpore
1022 973 1144 1045 dictum
1162 987 1211 1044 est
1223 970 1320 1073 (23).

553 1287 558 1294 .
656 1223 734 1295 XVl.
764 1250 798 1295 nr
814 1250 925 1296 uranon
943 1253 973 1296 m
991 1250 1077 1296 urano
1091 1221 1249 1304 ouinio¹:

218 1419 289 1492 Non
305 1419 393 1490 enim
410 1419 523 1517 lingua
540 1420 646 1490 solum
667 1419 906 1519 prophetabant
929 1419 1111 1519 prophete,
1125 1445 1237 1490 verum
1260 1430 1292 1490 et
1305 1419 1443 1504 visione,
1460 1432 1492 1492 et
1511 1419 1656 1495 moribus
1664 1423 1689 1501 ³,
1709 1431 1741 1490 et

167 1540 291 1612 actibus
306 1568 387 1640 quos
405 1539 620 1639 peragebant,
639 1541 827 1613 exhortante
840 1541 974 1640 Spiritu.
994 1539 1182 1612 Secundum
1202 1538 1286 1611 hanc
1299 1540 1404 1638 igitur
1422 1541 1580 1613 rationem
1597 1539 1744 1612 invisibi-

167 1661 232 1732 lem
255 1661 359 1733 Deum
383 1660 550 1744 videbant,
573 1660 872 1760 quemadmodum¹
893 1661 971 1734 dixit
1000 1660 1099 1732 lsaias
1118 1689 1125 1729 ε
1147 1660 1292 1758 allegem
1316 1661 1492 1733 Dominum
1513 1660 1657 1735 Sabaoth
1677 1659 1743 1733 vidi

166 1782 268 1856 oeulis
293 1783 432 1854 meis⁵.n
452 1782 646 1880 significans
670 1783 773 1854 Deum
800 1783 840 1854 ab
867 1781 991 1854 oculis⁶
1015 1782 1156 1854 hominis
1178 1781 1280 1855 videri
1305 1809 1480 1883 vocemque
1503 1783 1591 1855 illius
1613 1780 1742 1854 audiri¹

166 1931 270 2004 posse.
291 1903 502 1977 Secundum¹
518 1902 603 1975 hanc
620 1904 719 2002 igitur
735 1903 909 1988 rationem,
930 1904 1048 1976 Filium
1064 1903 1124 1976 Dei
1144 1903 1310 1974 hominem
1324 1901 1480 2005 (lactum)
1496 1903 1641 1976 videntes
1661 1928 1742 1974 con-

165 2039 345 2098 versantem
364 2052 441 2097 cum
462 2025 665 2110 hominibus,
684 2025 718 2097 id
740 2024 829 2126 quod
846 2025 992 2097 luturum
1010 2038 1078 2098 erat
1101 2024 1357 2125 prophetabant,
1376 2039 1408 2096 et
1426 2023 1518 2096 illum
1539 2025 1616 2124 qui¹
1637 2023 1743 2096 adbuc

168 2173 234 2217 non
252 2146 379 2230 aderat,
396 2147 508 2218 adesse
524 2146 690 2225 dicebant,
707 2149 773 2219 et¹⁰
788 2145 880 2218 illum
900 2147 957 2245 qui
973 2145 1180 2244 impassibilis
1196 2158 1243 2218 est
1257 2144 1445 2246 passibilem
1459 2144 1693 2245 predicabant,
1711 2156 1744 2217 ct

166 2266 260 2338 illum
276 2267 380 2367 quiin
398 2267 486 2340 coelis
502 2281 550 2340 est
567 2267 608 2340 ad
624 2267 788 2367 pulverem
798 2272 822 2312 ¹¹
837 2268 1008 2340 mortalem
1023 2267 1226 2340 descendisse
1240 2267 1456 2338 affirmabant.

762 2519 855 2592 XVII.
887 2547 920 2591 rr
937 2546 1010 2592 rosr
1026 2523 1147 2591 su1s¹¹2

218 2714 277 2786 llic
296 2728 403 2786 autern
421 2709 590 2814 peregrina
606 2715 755 2816 quaedam
771 2729 818 2788 est
835 2715 974 2788 eruditio
993 2729 1025 2788 et
1041 2743 1123 2788 nova
1138 2714 1284 2788 doctrina
1297 2715 1442 2813 gentium
1457 2713 1541 2786 Deos
1557 2740 1623 2785 non
1639 2712 1744 2785 solum

167 2863 232 2908 non
248 2863 317 2908 esse
333 2837 416 2908 Deos
434 2835 490 2909 sed
508 2849 540 2908 et
554 2836 642 2908 idola
658 2836 909 2920 demoniorum
926 2864 1083 2909 assevero
1102 2863 1204 2908 unum
1218 2836 1323 2909 Deum
1341 2836 1398 2936 qui
1413 2848 1461 2908 est
1473 2861 1596 2935 «super
1613 2860 1742 2906 omnem

166 2957 424 3057 «principatum,
444 2971 476 3029 et
493 2955 764 3041 dominationem,
781 2971 813 3028 et
835 2970 1044 3056 potestatem,
1061 2971 1094 3029 et
1114 2985 1209 3029 omne
1232 2984 1352 3030 nomen
1373 2955 1462 3056 quod
1482 2956 1742 3028 nominatur¹³.n

166 3077 206 3149 Et
230 3077 335 3177 Hujus
353 3077 511 3160 Verbum,
531 3089 647 3148 natura
663 3077 797 3176 quidem
821 3077 997 3160 invisibile,
1017 3076 1180 3176 palpabile
1204 3090 1236 3149 et
1253 3076 1376 3149 visibile
1400 3076 1588 3148 horninibus
1604 3075 1742 3160 lactum,

167 3198 234 3270 aad
252 3213 389 3271 mortem
406 3225 535 3298 nequeo
554 3196 757 3268 descendisse
774 3209 1001 3296 «mortemque
1020 3196 1123 3268 crucis
1135 3201 1160 3242 ¹¹
1170 3227 1197 3265 n.

692 3447 802 3520 llVlll.
832 3475 868 3519 nr
885 3475 994 3520 vranuu
1013 3473 1085 3519 rosr
1101 3451 1221 3520 iuvs¹⁵z

220 3643 272 3717 llli
292 3657 368 3717 sunt
385 3621 502 3718 iterum
521 3645 576 3744 qui
592 3644 729 3717 dicunt:
750 3641 881 3716 «Homo
906 3656 953 3717 est
971 3657 1002 3716 et
1023 3644 1096 3743 quis
1115 3657 1287 3742 cognoscet
1302 3671 1378 3715 eum
1390 3644 1460 3715 ¹⁶2„
1477 3645 1517 3716 Et
1534 3643 1682 3716 «Accessi
1703 3645 1743 3718 ad

171 3765 431 3866 «prophetissam
449 3780 480 3839 et
504 3767 630 3867 peperit
655 3765 775 3844 filium:
796 3780 827 3838 et
846 3765 1012 3839 vocabitur
1036 3793 1155 3838 nornen
1179 3765 1247 3863 ejus
1270 3764 1497 3850 Consiliarius,
1519 3765 1743 3848 admirabilis,

171 3888 284 3961 «Deus
298 3887 466 3972 lortis¹¹;o
483 3889 587 3989 etqui
603 3887 707 3961 lilium
722 3884 882 3989 Virginis(
889 3886 956 3988 Vh)
973 3886 1218 3959 Emmanuelem
1236 3886 1428 3988 pradicant,
1444 3887 1656 3960 adunandum
1676 3887 1745 3959 lore

170 4007 312 4081 Verbum
330 4009 388 4082 Dei
410 4009 557 4110 plasmati
578 4037 637 4082 suo
657 4007 856 4108 significant,
874 4007 1053 4112 (dicentes)
1072 4007 1215 4080 Verbum
1238 3995 1368 4080 carnem
1391 4009 1554 4095 futurum,
1574 4021 1605 4080 et
1625 4008 1745 4082 Filium

208 4247 215 4275 ¹
236 4239 314 4296 Mau.
337 4258 374 4304 m,
394 4260 437 4314 ap.
455 4239 516 4295 Luc.
540 4260 567 4304 r,
587 4259 631 4295 aa.
650 4272 689 4283 -
706 4244 716 4274 ¹
735 4240 833 4296 ddum.
853 4240 918 4295 lloer.

171 4335 209 4399 lV,
228 4353 304 4398 univ.
324 4336 349 4390 8.
368 4334 407 4388 W.
426 4333 530 4406 llarvey,
549 4333 566 4387 l.
581 4353 602 4386 c.
621 4335 657 4396 ll,
677 4352 702 4407 p.
723 4353 784 4406 ²¹9·
806 4335 836 4388 ln
855 4335 921 4389 Bea

169 4429 246 4502 capito
259 4429 457 4502 quinquagesimo
470 4428 560 4501 quattu
573 4457 609 4470 -
626 4431 636 4460 ³
654 4427 722 4481 Vera.
738 4427 779 4481 lat
797 4445 921 4482 minerua-

169 4522 239 4575 tione.
258 4523 316 4562 -¹
335 4519 392 4576 lsai.
413 4539 449 4586 vv,
471 4522 496 4574 5.
518 4519 537 4574 B
556 4519 686 4574 acuendum
709 4521 773 4594 quod
799 4520 868 4575 dixit.
883 4549 922 4564 -·

170 4619 179 4647 ¹
199 4615 267 4669 Vera.
280 4615 321 4669 lat.
331 4613 418 4669 ridebit
492 4613 581 4668 audet.
595 4613 734 4668 autenm
745 4613 809 4668 oculi
819 4616 872 4668 mo.
884 4646 921 4654 —

170 4711 180 4740 ¹
200 4707 218 4759 A
236 4719 259 4760 et
275 4707 424 4782 rigruflrooit.
443 4707 500 4748 -¹
521 4705 540 4760 B
558 4705 588 4760 ab
604 4706 679 4760 omlis
695 4708 827 4760 auia-⁸
847 4710 923 4782 Aper

172 4799 243 4853 tolum
256 4801 334 4872 igitur
345 4801 468 4854 mucram.
485 4831 521 4844 -
536 4803 545 4832 ¹
565 4798 641 4874 Bqao'
656 4800 767 4855 nondum.
783 4831 817 4841 -
830 4804 848 4835 ¹¹
867 4801 886 4855 B
900 4812 923 4855 ot

172 4892 348 4964 invpmaihilem,
357 4924 396 4936 -
406 4897 422 4927 ¹¹
442 4893 510 4948 Vero.
521 4892 564 4947 lat.
577 4892 662 4946 limum
678 4895 767 4948 mortio.
785 4894 802 4947 l
816 4901 841 4948 et
857 4895 875 4947 B
889 4893 921 4948 ad

172 4984 280 5039 litteram
296 4987 330 5041 od
343 4988 465 5060 polam-em
482 4987 572 5041 mortis.
586 5019 624 5029 —
642 4989 660 5020 ¹²
679 4985 778 5042 ddum.
798 4985 864 5042 lloer.
880 4987 921 5050 lV,

172 5095 275 5141 rrrvru,
290 5099 313 5133 a.
326 5081 365 5132 W.
381 5081 486 5154 Harvey,
497 5081 514 5135 l.
527 5099 548 5134 c.
564 5081 600 5144 11,
619 5099 643 5154 p
659 5081 720 5135 ada.
732 5079 775 5135 Csr
788 5079 922 5153 Eputolom

172 5171 340 5244 interpolatum
350 5172 378 5227 8.
392 5171 483 5246 lgnotr‘a'
493 5174 527 5228 od
537 5173 706 5246 Polycarpum.
719 5173 816 5248 hligue,
830 5173 923 5228 Potrol.

176 5265 219 5319 Gr.
233 5265 261 5328 V,
279 5265 324 5319 ool.
339 5267 391 5320 865
408 5269 435 5322 l.
448 5299 486 5309 ·-
499 5270 519 5301 ¹³
538 5265 600 5340 apt.
622 5287 644 5330 r,
661 5286 704 5322 ar.
718 5299 754 5308 —-
771 5267 788 5301 ¹¹
804 5266 844 5319 dd
859 5265 921 5321 Phil.

175 5358 208 5421 ll,
226 5360 251 5414 8.
265 5391 300 5400 -—
315 5363 332 5393 ¹¹
352 5357 448 5414 Adeon.
465 5359 531 5414 lloer.
551 5359 588 5423 lV,
607 5379 644 5424 nv,
662 5381 684 5414 a.
698 5361 736 5412 W.
754 5361 855 5432 llarvey.
870 5361 885 5414 l.
901 5380 921 5414 c.

995 4241 1031 4302 Π,
1046 4259 1071 4314 p.
1087 4241 1149 4296 266.
1162 4245 1229 4283 -¹¹
1246 4239 1331 4296 lerna.
1349 4260 1411 4304 ivn.
1423 4261 1448 4314 9.
1465 4241 1511 4296 Hic
1522 4241 1644 4304 lreueus,
1657 4247 1685 4294 ut
1701 4257 1747 4314 par

995 4341 1060 4398 erat,
1079 4354 1122 4388 mx
1141 4334 1305 4408 interpretum
1328 4335 1466 4388 versionem
1487 4335 1606 4408 sequitur.
1622 4335 1745 4390 ceomm

995 4426 1070 4500 hujus
1083 4427 1129 4482 loci
1142 4427 1299 4501 aliquatenus
1310 4426 1417 4482 difficilia
1429 4426 1655 4502 septuragintavirali
1668 4426 1746 4480 inter-

996 4527 1150 4594 pretamento
1167 4520 1317 4594 suffragatur
1335 4521 1414 4576 versio
1430 4521 1527 4594 vulgata
1542 4521 1675 4592 sporum,
1689 4537 1745 4592 que

995 4615 1028 4668 ita
1051 4613 1119 4668 hunc
1137 4614 1284 4686 versiculum
1310 4614 1453 4669 transtulit:
1473 4615 1534 4670 &a
1550 4635 1582 4688 ρ
1597 4611 1660 4676 Ιώ.
1677 4629 1746 4692 (Δ

995 4717 1040 4765 ab.
1054 4733 1102 4780 ι..
1116 4729 1174 4766 m
1188 4733 1227 4764 οα
1240 4705 1327 4772 halo,
1344 4727 1403 4763 seu:
1416 4707 1510 4762 vl'orte
1524 4713 1561 4761 est
1574 4725 1617 4760 cor
1628 4725 1679 4780 pre
1691 4724 1747 4759 om-

996 4800 1102 4864 unibusr
1115 4801 1189 4856 homo
1204 4809 1256 4866 est;
1268 4802 1324 4876 quis
1339 4809 1469 4876 cognoscet
1485 4801 1578 4854 eumtr
1594 4800 1652 4855 Hac
1668 4799 1747 4854 lernae

996 4893 1116 4948 verbatim
1135 4913 1191 4950 oum
1215 4913 1295 4969 greco
1313 4895 1494 4951 consentiunt:
1514 4891 1604 4946 Balatu
1622 4897 1638 4952 rt
1656 4890 1747 4966 καρδία

995 4989 1069 5064 παρὰ
1085 4990 1184 5055 πάντα,
1203 4991 1243 5042 nul
1264 4989 1394 5064 dpdpmde
1415 4988 1484 5052 dclv,
1505 4989 1547 5040 nat
1566 4988 1603 5042 als
1623 4987 1748 5056 γνώσεται

996 5083 1085 5146 αὖτόνς
1110 5081 1215 5157 Vulgata
1229 5083 1304 5138 latim
1320 5089 1345 5136 at
1359 5082 1486 5157 anglicano
1500 5080 1580 5136 versio
1591 5079 1665 5134 aliter
1680 5078 1748 5136 bunc

997 5177 1077 5231 locum
1104 5177 1289 5231 transtulerunt.
1311 5176 1401 5230 Vocem
1424 5174 1505 5252 vulf
1526 5173 1580 5229 loco
1603 5167 1683 5252 Ullffi
1708 5172 1746 5226 le-

996 5268 1079 5342 gendo
1099 5271 1124 5324 in
1142 5268 1258 5324 hebreico
1274 5275 1354 5332 textu,
1370 5268 1402 5322 itu
1419 5275 1564 5324 verterunt:
1580 5265 1747 5328 immittit,

998 5361 1121 5434 dxsitsol.
1142 5362 1196 5416 loeo
1218 5361 1291 5415 Homo
1306 5372 1350 5416 ert.
1370 5393 1403 5404 -
1418 5365 1436 5395 ¹⁷
1455 5361 1511 5416 lsai.
1533 5381 1580 5424 ru,
1597 5363 1643 5424 vlu
1663 5379 1699 5424 vr,
1720 5360 1745 5412 6.
