4006 6098
539 565 739 632 SANCTUS
770 564 1033 632 GREGORIUS
1063 563 1441 631 THAUMATURGUS.
1708 565 1770 632 381

257 715 307 788 lll.
337 716 451 787 Adeste
473 713 583 810 igitur,
604 713 820 796 dilectissimi,
841 726 872 783 et
885 738 944 784 nos
961 712 1082 810 virgam
1103 711 1191 783 illam
1211 739 1247 784 ex
1261 712 1350 784 lesse
1364 712 1599 808 germinantem
1615 713 1776 810 glorifice·

204 864 291 920 mus,
312 835 527 918 celebremus,
543 833 714 906 laudemus
732 846 764 906 et
780 831 968 904 exaltemus!
987 833 1056 904 Non
1077 832 1165 904 enim
1182 833 1302 932 Joseph
1322 844 1464 914 tontum,
1484 831 1539 904 sed
1560 845 1591 903 et
1609 834 1668 906 Dei
1685 835 1776 932 geni-

203 958 291 1030 tricis
307 955 531 1055 cognationem
549 983 621 1026 cum
640 953 761 1027 Davide
775 955 875 1027 Lucas
894 953 1087 1052 evangelista
1105 966 1249 1037 testatur,
1267 979 1340 1025 cum
1360 952 1456 1024 dicit:
1478 953 1653 1026 cAscendit
1667 969 1774 1028 autem

204 1092 262 1150 cet
278 1077 396 1178 loseph
414 1105 431 1148 a
451 1075 582 1148 Galilaea
602 1076 635 1146 in
657 1076 816 1147 civitatem
830 1074 938 1154 Judae,
953 1101 1025 1174 quar
1044 1087 1174 1148 vocatur
1194 1074 1377 1158 Bethleem,
1394 1087 1430 1146 ut
1452 1073 1682 1146 inscriberetur
1703 1103 1775 1146 cum

205 1198 332 1272 «Maria
355 1199 548 1298 desponsata
571 1196 632 1269 sibi
657 1223 755 1268 uxore
777 1209 979 1295 praegnantm
999 1224 1036 1269 ex
1054 1223 1092 1268 eo
1115 1195 1203 1295 quod
1227 1210 1333 1268 essent
1355 1196 1417 1296 ipsi
1440 1223 1457 1267 e
1480 1195 1577 1268 domo
1600 1208 1632 1266 et
1653 1195 1776 1268 familia

206 1318 345 1392 «David.
359 1319 486 1418 Impleti
503 1330 579 1391 sunt
593 1317 661 1388 dies
678 1331 715 1389 ut
728 1330 856 1416 pareret
873 1317 957 1416 ipsa,
970 1331 1002 1388 ct
1016 1317 1141 1418 peperit
1161 1317 1263 1388 filium
1281 1344 1393 1400 suum,
1407 1317 1658 1418 primogenitum
1672 1317 1777 1389 omnis

206 1455 407 1514 cereaturaa:
428 1453 459 1510 et
483 1439 599 1539 pannis
622 1465 695 1510 eum
719 1437 850 1510 involvit
868 1450 900 1510 et
922 1439 1087 1511 reclinavit
1105 1465 1178 1510 eum
1200 1438 1233 1509 in
1256 1440 1471 1538 praesopio¹.a
1487 1438 1606 1510 Fasciis
1629 1466 1702 1510 eum
1723 1439 1777 1509 in·

204 1563 315 1645 volvit,
336 1562 417 1660 aqui
436 1561 571 1632 amictus
590 1573 637 1630 est
654 1559 778 1632 lumine
792 1559 874 1632 sicut
893 1559 1053 1659 patli02n.
1076 1559 1252 1632 lleclinavit
1267 1560 1300 1631 in
1321 1560 1477 1660 praesepio
1496 1587 1585 1645 eum,
1605 1561 1662 1661 qui
1680 1588 1778 1660 super

205 1681 381 1756 Cherubim
403 1681 508 1762 sedet,
526 1693 557 1752 et
580 1677 756 1753 amillibus
771 1680 969 1778 Angelorum
993 1681 1096 1753 turbis
1117 1680 1327 1776 glorificatur.
1347 1683 1383 1752 ln
1408 1681 1596 1753 animalium
1619 1682 1776 1784 presepio

205 1804 346 1876 Verbum
360 1802 462 1874 Patris
480 1801 657 1900 repositum
678 1815 742 1886 est,
760 1816 796 1873 ut
813 1801 876 1874 illis
894 1802 950 1902 qni
968 1828 1077 1874 revera
1092 1816 1184 1874 crant
1201 1802 1269 1874 sine
1288 1801 1433 1901 loquela,
1451 1816 1487 1873 ut
1503 1801 1705 1886 hominibus,
1722 1805 1776 1876 in-

142 2009 145 2028 ,
205 1953 319 2025 quam,
336 1924 394 2023 qui
411 1923 574 1996 voluntate
594 1949 652 1994 soa
671 1922 872 1994 irrationales
891 1923 967 1994 lacti
986 1923 1131 2005 lucrant,
1150 1949 1280 1995 sensum
1303 1922 1493 1994 rationalem
1513 1924 1775 2025 communicaret.

205 2047 311 2145 Super
328 2071 473 2116 mensam
491 2045 715 2143 jumentorum
737 2044 859 2145 positus
879 2056 926 2115 est
946 2045 1040 2144 panis
1061 2044 1214 2127 scelestis,
1234 2057 1269 2116 ut
1291 2044 1345 2128 iis,
1364 2044 1420 2143 qui
1443 2045 1667 2142 jumentorum
1688 2072 1776 2116 more

204 2166 368 2251 vivebant,
389 2164 576 2238 hominibus
599 2165 924 2238 communicationem
942 2165 1065 2264 mystici
1089 2165 1151 2236 cibi
1174 2165 1341 2238 tribueret.
1362 2165 1457 2237 «Nou
1479 2165 1541 2238 luit
1560 2165 1607 2236 illi
1629 2165 1718 2238 locus
1742 2167 1777 2238 in

206 2286 464 2359 cdivemori0³.n
482 2285 552 2357 Non
570 2285 632 2356 tuit
650 2285 698 2356 illi
716 2285 804 2357 locus
822 2286 879 2386 qui
898 2285 1014 2358 coelum
1035 2299 1067 2358 et
1084 2299 1202 2358 terram
1217 2283 1314 2358 verbo
1332 2313 1391 2358 suo
1410 2286 1605 2370 consolidat,
1623 2287 1777 2387 quoniam

207 2434 303 2478 ccum
319 2420 401 2478 esset
418 2405 505 2478 dives
522 2433 580 2506 pro
600 2405 692 2478 nobis
709 2407 812 2478 lactus
828 2421 875 2479 est
890 2412 1045 2507 pauperl.
1057 2439 1072 2474 n
1086 2408 1190 2507 Atque
1205 2419 1337 2508 propter
1355 2407 1493 2479 salutem
1512 2421 1653 2480 nostram
1670 2407 1778 2479 humi-

206 2528 327 2600 litatem
346 2527 427 2598 inse
446 2527 584 2627 suscepit
597 2553 632 2598 er
646 2527 790 2626 ingenita
806 2527 867 2600 sibi
882 2528 1038 2600 bonitate.
1058 2527 1218 2600 lnellabili
1233 2528 1384 2626 mysterio
1404 2528 1573 2627 complevit
1587 2526 1679 2630 (tlte)
1699 2555 1778 2600 oeco·

207 2649 347 2722 numiam
371 2676 430 2748 pro
459 2648 553 2720 nobis
572 2645 684 2750 (127)
703 2649 902 2734 ordinatam,
919 2649 975 2749 qui
998 2649 1032 2722 in
1056 2649 1135 2721 coelo
1157 2661 1204 2720 cst
1223 2649 1256 2720 in
1278 2649 1351 2720 sinu
1369 2649 1489 2730 Patris,
1511 2662 1542 2721 et
1566 2649 1599 2720 in
1625 2650 1777 2749 spelunca

206 2771 289 2842 inter
306 2771 399 2842 ulnas
412 2771 554 2866 Virginis
575 2770 758 2869 requiescit.
780 2771 818 2842 ln
838 2771 994 2872 praesepio
1015 2771 1171 2844 exercitus
1186 2771 1383 2868 Angelorum
1404 2770 1500 2842 lllum
1518 2771 1776 2856 circumdabant,

205 2893 399 2964 clamantes:
413 2891 548 2962 «Gloria
567 2891 601 2963 in
618 2891 703 2963 coelis
720 2905 751 2963 et
767 2891 801 2963 in
821 2906 904 2963 terra
921 2921 981 2992 pax
993 2895 1048 2964 ⁵1„
1066 2894 1104 2965 ln
1121 2893 1199 2964 coelo
1218 2893 1258 2964 ad
1274 2892 1435 2964 dexteram
1453 2893 1555 2964 Patris
1573 2891 1676 2976 sedet,
1695 2906 1726 2964 et
1743 2893 1776 2965 in

206 3014 361 3114 praesepio
384 3039 481 3112 super
499 3011 677 3084 Cherubim
701 3013 882 3112 requiescit.
903 3013 1052 3086 Thronus
1071 3041 1180 3086 revera
1204 3028 1235 3085 et
1253 3013 1305 3085 hic
1328 3027 1396 3086 erat
1414 3013 1621 3098 cherubicus3
1640 3013 1777 3086 thronus

207 3135 502 3234 regalis38anctum
516 3135 708 3206 Sanctorum
728 3133 922 3230 gloriosum,
937 3135 1026 3234 quod
1043 3135 1149 3206 solnm
1164 3162 1261 3234 super
1276 3147 1393 3207 terrain
1410 3163 1477 3235 prae
1495 3135 1646 3208 omnihus
1660 3136 1777 3208 sanctis

205 3269 334 3327 sanctus
352 3269 414 3338 est,
431 3255 463 3327 iu
483 3280 548 3354 quo
566 3254 724 3354 requievit
739 3253 885 3327 Christus
904 3255 990 3326 Deus
1013 3269 1133 3341 noster,
1153 3257 1205 3328 cni
1223 3254 1342 3354 gloria,
1361 3257 1467 3328 honor
1485 3269 1517 3328 et
1539 3256 1684 3329 adoratio
1702 3283 1775 3328 cum

207 3377 301 3449 Patro
317 3391 349 3448 et
366 3376 490 3477 Spiritu
505 3377 640 3459 Sancto,
658 3402 745 3448 nunc
763 3389 795 3447 et
812 3374 845 3446 in
862 3377 950 3448 omni
970 3389 1130 3478 tempore,
1146 3378 1181 3450 in
1198 3377 1313 3450 saecuta
1332 3377 1534 3450 saeculorum.
1555 3378 1668 3449 Amen.

950 3686 1038 3760 Vlll

727 3859 898 3921 llOtllLlA
920 3857 1062 3920 SANCTI
1082 3857 1249 3920 JOANNIS

437 3999 482 4053 DE
502 3999 681 4056 uaertstm
703 4002 834 4056 hottttvt
856 4001 999 4066 noscat,
1020 3999 1134 4056 SUPER
1154 4001 1314 4056 stertuit
1334 4001 1552 4058 Jonnnnuvtt

258 4166 282 4240 l.
313 4166 378 4238 Viri
405 4168 567 4240 Christum
594 4169 780 4268 diligentes,
799 4168 1025 4268 hospitalitatis
1046 4169 1319 4270 fraternitatisque
1347 4185 1519 4256 amatores,
1546 4172 1775 4273 peregrinum⁷

206 4315 315 4360 meum
328 4288 418 4360 laudi
433 4291 587 4362 sustincte
600 4290 750 4372 modurn,
765 4289 875 4392 (128)
890 4290 1088 4392 auribusque
1101 4293 1209 4364 vestris
1223 4305 1390 4392 portarum
1404 4292 1505 4365 instar
1520 4294 1653 4395 apertis,
1667 4319 1776 4364 meum

206 4409 288 4480 intra
318 4437 371 4481 cas
398 4410 557 4482 admittite
583 4437 765 4482 sermonem
786 4424 818 4482 et
834 4411 1006 4484 salutarem
1036 4441 1129 4484 ame
1154 4414 1415 4513 pradicationem
1441 4415 1573 4513 accipite
1596 4414 1637 4487 de
1659 4413 1776 4486 Christi

205 4531 365 4602 mersione
381 4530 414 4601 in
429 4531 620 4616 Iordanem,
633 4545 670 4603 ut
683 4531 875 4616 Dominum,
888 4533 945 4634 qui
959 4533 1004 4604 ita'
1023 4534 1064 4605 ad
1080 4561 1134 4606 vos
1146 4563 1180 4606 se
1198 4534 1348 4618 inclinat,
1362 4536 1463 4632 magis
1479 4563 1515 4607 ac
1532 4536 1633 4633 magis
1650 4536 1775 4608 ametis.

206 4651 348 4734 Etenim,
368 4651 427 4724 etsi
450 4651 638 4752 Epiphaniae
658 4651 777 4725 Christi
797 4653 866 4725 dies
889 4667 1044 4739 transeat,
1062 4656 1165 4753 gratia
1193 4669 1300 4728 tamen
1324 4659 1393 4756 ojus
1417 4670 1524 4728 manet
1547 4657 1579 4728 in
1606 4672 1774 4729 aeternum.

206 4770 313 4853 Quare
335 4773 492 4845 hodierno
513 4772 719 4872 perfruamur
736 4774 833 4858 sesto,
850 4802 925 4848 nam
949 4775 1143 4848 salutaribus
1166 4778 1414 4876 cogitationibus
1434 4778 1557 4850 bonum
1581 4792 1629 4850 est
1647 4791 1682 4849 ut
1700 4778 1777 4850 sim-

243 4967 250 4998 ¹
271 4964 330 5019 Luc.
342 4985 373 5030 rr,
387 4967 417 5028 h,
431 4969 462 5030 6,
476 4987 501 5040 7.
517 4967 598 5032 «Quia
609 4987 657 5023 non
670 4976 724 5023 erat
735 4969 784 5024 illie
797 4970 862 5024 locus
874 4971 899 5024 io
914 4970 954 5025 di-
1027 4971 1081 5026 hac
1102 4971 1216 5037 homilia,
1235 4991 1284 5027 non
1308 4971 1410 5046 quidem
1432 4969 1479 5025 sab
1504 4972 1603 5026 nornine
1625 4973 1651 5028 S.
1674 4973 1776 5028 loannis

207 5057 363 5120 cremonem
381 5057 449 5113 addit
462 5079 500 5134 gr.
517 5067 603 5116 tertias.
614 5065 677 5102 —¹
699 5061 786 5116 Paolm.
805 5081 862 5125 cvvv,
878 5081 902 5117 a.
914 5095 953 5106 -
1028 5065 1208 5138 chrysostomi,
1227 5064 1270 5119 sed
1285 5065 1332 5119 sub
1351 5066 1452 5120 nomine
1470 5067 1495 5120 S.
1517 5065 1628 5140 Gregorii
1650 5066 1777 5121 Thauma-

204 5152 214 5182 ³
233 5148 292 5204 Luc.
306 5169 338 5212 rr,
358 5169 383 5222 7.
400 5153 464 5224 -1‘
484 5154 505 5207 ll
525 5152 565 5207 Ad
581 5153 687 5209 Corinth.
706 5173 762 5216 ιιιι,
776 5175 801 5226 9.
815 5159 873 5196 -⁵
892 5154 951 5210 Luc.
1029 5159 1107 5230 tergi,
1119 5157 1208 5212 Patr-ol.
1222 5157 1578 5230 Gr.ll,eol.rrqa-118h,a.
1591 5158 1774 5223 cauturium,

206 5261 236 5306 ιι,
252 5242 293 5300 ab.
305 5247 361 5284 -θ
374 5243 440 5307 Quid
449 5246 605 5300 sentiendum
616 5247 648 5302 do
661 5249 701 5302 illa
715 5248 816 5302 homilia
826 5249 878 5320 jam
889 5248 953 5304 dixi·
1027 5250 1084 5304 r'ln'd.
1096 5250 1142 5304 ool.
1158 5270 1235 5306 raso.
1253 5283 1291 5292 —
1305 5255 1314 5285 ⁷
1329 5253 1405 5324 Syrus
1418 5252 1540 5325 interpres
1556 5261 1621 5308 recte
1638 5271 1687 5308 non
1703 5253 1776 5308 intel-

206 5353 261 5388 mns
279 5335 303 5388 in
321 5337 399 5409 prirnn
419 5345 501 5410 porte,
522 5357 545 5410 p.
568 5359 627 5410 rn7,
648 5349 704 5394 nota
727 5343 750 5394 Γι.
767 5342 858 5394 Partim
876 5349 952 5396 exstat
1027 5344 1083 5396 lerit
1094 5361 1176 5398 vocem
1190 5363 1295 5417 graecam
1306 5343 1502 5416 Εενοδοχιισιιτε.
