<?xml version="1.0" encoding="UTF-8"?>
<!DOCTYPE html PUBLIC "-//W3C//DTD XHTML 1.0 Transitional//EN"
    "http://www.w3.org/TR/xhtml1/DTD/xhtml1-transitional.dtd">
<html xmlns="http://www.w3.org/1999/xhtml" xml:lang="en" lang="en">
 <head>
  <title>
</title>
<meta http-equiv="Content-Type" content="text/html;charset=utf-8" />
  <meta name='ocr-system' content='tesseract 3.04.00' />
  <meta name='ocr-capabilities' content='ocr_page ocr_carea ocr_par ocr_line ocrx_word'/>
</head>
<body>
  <div class='ocr_page' id='page_1' title='image "./analectasacrasp03pitrgoog_0429.png"; bbox 0 0 4006 6098; ppageno 0'>
   <div class='ocr_carea' id='block_1_1' title="bbox 182 555 1445 640">
    <p class='ocr_par' dir='ltr' id='par_1_1' title="bbox 182 555 1445 640">
     <span class='ocr_line' id='line_1_1' title="bbox 182 555 1445 640; baseline -0.002 -16"><span class='ocrx_word' id='word_1_1' title='bbox 182 629 191 640; x_wconf 65' lang='grc'><strong><em>,</em></strong></span> <span class='ocrx_word' id='word_1_2' title='bbox 219 557 288 626; x_wconf 75' lang='lat'><strong>382</strong></span> <span class='ocrx_word' id='word_1_3' title='bbox 574 555 748 626; x_wconf 78' lang='lat' dir='ltr'><strong>Pd&#39;lllllll</strong></span> <span class='ocrx_word' id='word_1_4' title='bbox 778 555 1180 624; x_wconf 76' lang='lat' dir='ltr'><strong>luvunlcnnonun</strong></span> <span class='ocrx_word' id='word_1_5' title='bbox 1209 555 1445 624; x_wconf 74' lang='lat' dir='ltr'><strong>ANALECTA.</strong></span> 
     </span>
    </p>
   </div>
   <div class='ocr_carea' id='block_1_2' title="bbox 215 704 1797 2384">
    <p class='ocr_par' dir='ltr' id='par_1_2' title="bbox 215 704 1797 2384">
     <span class='ocr_line' id='line_1_2' title="bbox 217 704 1797 811; baseline -0.001 -31"><span class='ocrx_word' id='word_1_6' title='bbox 217 707 318 811; x_wconf 74' lang='lat' dir='ltr'><strong>plicas</strong></span> <span class='ocrx_word' id='word_1_7' title='bbox 340 707 456 781; x_wconf 78' lang='lat' dir='ltr'><strong>animm</strong></span> <span class='ocrx_word' id='word_1_8' title='bbox 479 733 649 807; x_wconf 87' lang='lat' dir='ltr'><strong>nunquam</strong></span> <span class='ocrx_word' id='word_1_9' title='bbox 672 706 841 778; x_wconf 86' lang='lat' dir='ltr'><strong>satientur.</strong></span> <span class='ocrx_word' id='word_1_10' title='bbox 861 707 976 780; x_wconf 88' lang='lat' dir='ltr'><strong>Venite</strong></span> <span class='ocrx_word' id='word_1_11' title='bbox 994 707 1105 805; x_wconf 88' lang='lat' dir='ltr'><strong>igitur,</strong></span> <span class='ocrx_word' id='word_1_12' title='bbox 1121 704 1265 808; x_wconf 83' lang='lat' dir='ltr'><strong>(eamus)</strong></span> <span class='ocrx_word' id='word_1_13' title='bbox 1279 733 1391 778; x_wconf 90' lang='lat' dir='ltr'><strong>omnes</strong></span> <span class='ocrx_word' id='word_1_14' title='bbox 1410 733 1428 777; x_wconf 88' lang='lat' dir='ltr'><strong>e</strong></span> <span class='ocrx_word' id='word_1_15' title='bbox 1444 704 1576 778; x_wconf 82' lang='lat' dir='ltr'><strong>Galilaea</strong></span> <span class='ocrx_word' id='word_1_16' title='bbox 1595 705 1628 779; x_wconf 91' lang='lat' dir='ltr'><strong>in</strong></span> <span class='ocrx_word' id='word_1_17' title='bbox 1650 705 1797 808; x_wconf 75' lang='lat' dir='ltr'><strong>Iudaeam</strong></span> 
     </span>
     <span class='ocr_line' id='line_1_3' title="bbox 219 827 1796 930; baseline -0.001 -29"><span class='ocrx_word' id='word_1_18' title='bbox 219 843 316 930; x_wconf 86' lang='lat' dir='ltr'><strong>atque</strong></span> <span class='ocrx_word' id='word_1_19' title='bbox 336 856 407 900; x_wconf 90' lang='lat' dir='ltr'><strong>cum</strong></span> <span class='ocrx_word' id='word_1_20' title='bbox 427 828 553 902; x_wconf 88' lang='lat' dir='ltr'><strong>Christo</strong></span> <span class='ocrx_word' id='word_1_21' title='bbox 574 827 798 928; x_wconf 79' lang='lat' dir='ltr'><strong>procedamus.</strong></span> <span class='ocrx_word' id='word_1_22' title='bbox 817 828 936 900; x_wconf 78' lang='lat' dir='ltr'>Beatus</span> <span class='ocrx_word' id='word_1_23' title='bbox 954 829 1042 900; x_wconf 91' lang='lat' dir='ltr'><strong>enim</strong></span> <span class='ocrx_word' id='word_1_24' title='bbox 1063 841 1111 900; x_wconf 90' lang='lat' dir='ltr'><strong>ost</strong></span> <span class='ocrx_word' id='word_1_25' title='bbox 1130 827 1185 900; x_wconf 90' lang='lat' dir='ltr'><strong>ills</strong></span> <span class='ocrx_word' id='word_1_26' title='bbox 1200 828 1257 928; x_wconf 92' lang='lat' dir='ltr'><strong>qui</strong></span> <span class='ocrx_word' id='word_1_27' title='bbox 1278 827 1320 900; x_wconf 88' lang='lat' dir='ltr'><strong>ad</strong></span> <span class='ocrx_word' id='word_1_28' title='bbox 1334 827 1405 898; x_wconf 84' lang='lat' dir='ltr'><strong>vitae</strong></span> <span class='ocrx_word' id='word_1_29' title='bbox 1421 827 1506 900; x_wconf 90' lang='lat' dir='ltr'><strong>viam</strong></span> <span class='ocrx_word' id='word_1_30' title='bbox 1523 827 1653 900; x_wconf 88' lang='lat' dir='ltr'><strong>currit¹.</strong></span> <span class='ocrx_word' id='word_1_31' title='bbox 1665 828 1796 912; x_wconf 87' lang='lat' dir='ltr'><strong>Venite,</strong></span> 
     </span>
     <span class='ocr_line' id='line_1_4' title="bbox 217 947 1796 1052; baseline -0.002 -29"><span class='ocrx_word' id='word_1_32' title='bbox 217 951 356 1052; x_wconf 87' lang='lat' dir='ltr'><strong>pedibus</strong></span> <span class='ocrx_word' id='word_1_33' title='bbox 371 951 488 1022; x_wconf 89' lang='lat' dir='ltr'><strong>mentis</strong></span> <span class='ocrx_word' id='word_1_34' title='bbox 507 948 682 1022; x_wconf 82' lang='lat' dir='ltr'>Iordanem</span> <span class='ocrx_word' id='word_1_35' title='bbox 698 962 849 1050; x_wconf 79' lang='lat' dir='ltr'><strong>petamus</strong></span> <span class='ocrx_word' id='word_1_36' title='bbox 867 975 996 1032; x_wconf 90' lang='lat' dir='ltr'><strong>omnes,</strong></span> <span class='ocrx_word' id='word_1_37' title='bbox 1013 961 1044 1020; x_wconf 92' lang='lat' dir='ltr'><strong>et</strong></span> <span class='ocrx_word' id='word_1_38' title='bbox 1062 975 1081 1020; x_wconf 91' lang='lat' dir='ltr'><strong>a</strong></span> <span class='ocrx_word' id='word_1_39' title='bbox 1096 949 1220 1020; x_wconf 82' lang='lat' dir='ltr'><strong>Ioanne</strong></span> <span class='ocrx_word' id='word_1_40' title='bbox 1239 947 1382 1047; x_wconf 80' lang='lat' dir='ltr'><strong>Baptista</strong></span> <span class='ocrx_word' id='word_1_41' title='bbox 1400 975 1475 1020; x_wconf 90' lang='lat' dir='ltr'><strong>eum</strong></span> <span class='ocrx_word' id='word_1_42' title='bbox 1491 947 1646 1048; x_wconf 85' lang='lat' dir='ltr'><strong>baptizari</strong></span> <span class='ocrx_word' id='word_1_43' title='bbox 1664 949 1796 1046; x_wconf 91' lang='lat' dir='ltr'><strong>conspi-</strong></span> 
     </span>
     <span class='ocr_line' id='line_1_5' title="bbox 217 1066 1795 1172; baseline -0.003 -27"><span class='ocrx_word' id='word_1_44' title='bbox 217 1072 357 1155; x_wconf 77' lang='lat' dir='ltr'><strong>ciamus,</strong></span> <span class='ocrx_word' id='word_1_45' title='bbox 375 1070 434 1172; x_wconf 89' lang='lat' dir='ltr'><strong>qni</strong></span> <span class='ocrx_word' id='word_1_46' title='bbox 451 1069 611 1171; x_wconf 87' lang='lat' dir='ltr'><strong>baptismo</strong></span> <span class='ocrx_word' id='word_1_47' title='bbox 627 1096 694 1142; x_wconf 93' lang='lat' dir='ltr'><strong>non</strong></span> <span class='ocrx_word' id='word_1_48' title='bbox 714 1069 854 1167; x_wconf 81' lang='lat' dir='ltr'>indiget,</span> <span class='ocrx_word' id='word_1_49' title='bbox 872 1069 1078 1170; x_wconf 63' lang='lat' dir='ltr'><strong>ut‘baptismi</strong></span> <span class='ocrx_word' id='word_1_50' title='bbox 1100 1069 1194 1141; x_wconf 90' lang='lat' dir='ltr'><strong>nobis</strong></span> <span class='ocrx_word' id='word_1_51' title='bbox 1211 1069 1349 1166; x_wconf 78' lang='lat' dir='ltr'><strong>gratiam</strong></span> <span class='ocrx_word' id='word_1_52' title='bbox 1368 1069 1477 1142; x_wconf 89' lang='lat' dir='ltr'><strong>donet.</strong></span> <span class='ocrx_word' id='word_1_53' title='bbox 1495 1066 1627 1151; x_wconf 87' lang='lat' dir='ltr'><strong>Venite,</strong></span> <span class='ocrx_word' id='word_1_54' title='bbox 1643 1068 1795 1140; x_wconf 88' lang='lat' dir='ltr'><strong>conside-</strong></span> 
     </span>
     <span class='ocr_line' id='line_1_6' title="bbox 218 1189 1794 1292; baseline -0.002 -27"><span class='ocrx_word' id='word_1_55' title='bbox 218 1220 329 1265; x_wconf 81' lang='lat' dir='ltr'><strong>remus</strong></span> <span class='ocrx_word' id='word_1_56' title='bbox 347 1206 532 1264; x_wconf 78' lang='lat' dir='ltr'><strong>renovatam</strong></span> <span class='ocrx_word' id='word_1_57' title='bbox 548 1192 723 1288; x_wconf 76' lang='lat' dir='ltr'><strong>imaginem</strong></span> <span class='ocrx_word' id='word_1_58' title='bbox 741 1207 899 1276; x_wconf 89' lang='lat' dir='ltr'><strong>nostram,</strong></span> <span class='ocrx_word' id='word_1_59' title='bbox 919 1219 992 1292; x_wconf 80' lang='lat' dir='ltr'><strong>qua</strong></span> <span class='ocrx_word' id='word_1_60' title='bbox 1011 1191 1044 1264; x_wconf 92' lang='lat' dir='ltr'><strong>in</strong></span> <span class='ocrx_word' id='word_1_61' title='bbox 1061 1191 1154 1291; x_wconf 91' lang='lat' dir='ltr'><strong>aquis</strong></span> <span class='ocrx_word' id='word_1_62' title='bbox 1169 1189 1233 1292; x_wconf 83' lang='lat' dir='ltr'><strong>illis</strong></span> <span class='ocrx_word' id='word_1_63' title='bbox 1247 1189 1447 1288; x_wconf 86' lang='lat' dir='ltr'><strong>designatur.</strong></span> <span class='ocrx_word' id='word_1_64' title='bbox 1467 1190 1583 1262; x_wconf 79' lang='lat' dir='ltr'><strong>o&#39;luuc</strong></span> <span class='ocrx_word' id='word_1_65' title='bbox 1601 1191 1688 1261; x_wconf 88' lang='lat' dir='ltr'><strong>venit</strong></span> <span class='ocrx_word' id='word_1_66' title='bbox 1701 1189 1794 1262; x_wconf 85' lang='lat' dir='ltr'><strong>lesus</strong></span> 
     </span>
     <span class='ocr_line' id='line_1_7' title="bbox 220 1308 1795 1411; baseline -0.001 -27"><span class='ocrx_word' id='word_1_67' title='bbox 220 1341 264 1386; x_wconf 77' lang='lat' dir='ltr'><strong>aa</strong></span> <span class='ocrx_word' id='word_1_68' title='bbox 280 1315 413 1388; x_wconf 77' lang='lat' dir='ltr'><strong>Galilaea</strong></span> <span class='ocrx_word' id='word_1_69' title='bbox 433 1315 468 1386; x_wconf 91' lang='lat' dir='ltr'><strong>in</strong></span> <span class='ocrx_word' id='word_1_70' title='bbox 484 1312 659 1386; x_wconf 75' lang='lat' dir='ltr'><strong>Iordanem</strong></span> <span class='ocrx_word' id='word_1_71' title='bbox 677 1311 719 1384; x_wconf 90' lang='lat' dir='ltr'><strong>ad</strong></span> <span class='ocrx_word' id='word_1_72' title='bbox 737 1314 912 1398; x_wconf 85' lang='lat' dir='ltr'><strong>loannem,</strong></span> <span class='ocrx_word' id='word_1_73' title='bbox 932 1326 969 1384; x_wconf 87' lang='lat' dir='ltr'><strong>ut</strong></span> <span class='ocrx_word' id='word_1_74' title='bbox 986 1312 1028 1383; x_wconf 87' lang='lat' dir='ltr'><strong>ab</strong></span> <span class='ocrx_word' id='word_1_75' title='bbox 1051 1338 1090 1383; x_wconf 89' lang='lat' dir='ltr'><strong>eo</strong></span> <span class='ocrx_word' id='word_1_76' title='bbox 1107 1309 1382 1411; x_wconf 78' lang='lat' dir='ltr'><strong>baptizaretur².o</strong></span> <span class='ocrx_word' id='word_1_77' title='bbox 1399 1308 1427 1382; x_wconf 92' lang='lat'>0</span> <span class='ocrx_word' id='word_1_78' title='bbox 1445 1324 1567 1409; x_wconf 82' lang='lat' dir='ltr'><strong>quanta</strong></span> <span class='ocrx_word' id='word_1_79' title='bbox 1587 1310 1718 1382; x_wconf 87' lang='lat' dir='ltr'><strong>Domini</strong></span> <span class='ocrx_word' id='word_1_80' title='bbox 1732 1309 1795 1382; x_wconf 91' lang='lat' dir='ltr'><strong>bu-</strong></span> 
     </span>
     <span class='ocr_line' id='line_1_8' title="bbox 217 1431 1793 1535; baseline -0.004 -27"><span class='ocrx_word' id='word_1_81' title='bbox 217 1436 351 1520; x_wconf 88' lang='lat' dir='ltr'><strong>militas‚</strong></span> <span class='ocrx_word' id='word_1_82' title='bbox 372 1449 404 1507; x_wconf 90' lang='lat' dir='ltr'><strong>et</strong></span> <span class='ocrx_word' id='word_1_83' title='bbox 424 1448 546 1535; x_wconf 88' lang='lat' dir='ltr'><strong>quanta</strong></span> <span class='ocrx_word' id='word_1_84' title='bbox 565 1435 634 1533; x_wconf 89' lang='lat' dir='ltr'><strong>ejus</strong></span> <span class='ocrx_word' id='word_1_85' title='bbox 652 1433 825 1506; x_wconf 88' lang='lat' dir='ltr'><strong>modestia!</strong></span> <span class='ocrx_word' id='word_1_86' title='bbox 844 1433 909 1505; x_wconf 80' lang='lat' dir='ltr'><strong>Der</strong></span> <span class='ocrx_word' id='word_1_87' title='bbox 931 1432 1067 1505; x_wconf 80' lang='lat' dir='ltr'><strong>scelestis</strong></span> <span class='ocrx_word' id='word_1_88' title='bbox 1090 1431 1131 1503; x_wconf 85' lang='lat' dir='ltr'><strong>ad</strong></span> <span class='ocrx_word' id='word_1_89' title='bbox 1148 1431 1324 1520; x_wconf 85' lang='lat' dir='ltr'><strong>loannem,</strong></span> <span class='ocrx_word' id='word_1_90' title='bbox 1343 1457 1572 1530; x_wconf 69' lang='lat' dir='ltr'><strong>precursorem</strong></span> <span class='ocrx_word' id='word_1_91' title='bbox 1592 1459 1705 1516; x_wconf 89' lang='lat' dir='ltr'><strong>suum,</strong></span> <span class='ocrx_word' id='word_1_92' title='bbox 1722 1431 1793 1531; x_wconf 92' lang='lat' dir='ltr'><strong>pri-</strong></span> 
     </span>
     <span class='ocr_line' id='line_1_9' title="bbox 217 1549 1794 1654; baseline -0.003 -26"><span class='ocrx_word' id='word_1_93' title='bbox 217 1585 291 1630; x_wconf 88' lang='lat' dir='ltr'><strong>mus</strong></span> <span class='ocrx_word' id='word_1_94' title='bbox 320 1556 474 1640; x_wconf 87' lang='lat' dir='ltr'><strong>accurrit,</strong></span> <span class='ocrx_word' id='word_1_95' title='bbox 499 1583 564 1628; x_wconf 94' lang='lat' dir='ltr'><strong>non</strong></span> <span class='ocrx_word' id='word_1_96' title='bbox 593 1555 784 1654; x_wconf 89' lang='lat' dir='ltr'><strong>angolorum</strong></span> <span class='ocrx_word' id='word_1_97' title='bbox 808 1554 965 1628; x_wconf 84' lang='lat' dir='ltr'><strong>exercitus</strong></span> <span class='ocrx_word' id='word_1_98' title='bbox 992 1553 1130 1636; x_wconf 87' lang='lat' dir='ltr'><strong>ducens,</strong></span> <span class='ocrx_word' id='word_1_99' title='bbox 1158 1579 1266 1653; x_wconf 87' lang='lat' dir='ltr'><strong>neque</strong></span> <span class='ocrx_word' id='word_1_100' title='bbox 1286 1549 1480 1654; x_wconf 84' lang='lat' dir='ltr'><strong>(angelicas)</strong></span> <span class='ocrx_word' id='word_1_101' title='bbox 1503 1552 1634 1624; x_wconf 89' lang='lat' dir='ltr'><strong>virtutes</strong></span> <span class='ocrx_word' id='word_1_102' title='bbox 1657 1553 1794 1625; x_wconf 86' lang='lat' dir='ltr'><strong>nuncios</strong></span> 
     </span>
     <span class='ocr_line' id='line_1_10' title="bbox 218 1672 1794 1773; baseline -0.003 -23"><span class='ocrx_word' id='word_1_103' title='bbox 218 1691 293 1750; x_wconf 89' lang='lat' dir='ltr'><strong>ante</strong></span> <span class='ocrx_word' id='word_1_104' title='bbox 306 1705 340 1750; x_wconf 89' lang='lat' dir='ltr'><strong>se</strong></span> <span class='ocrx_word' id='word_1_105' title='bbox 356 1677 497 1750; x_wconf 88' lang='lat' dir='ltr'><strong>mittens.</strong></span> <span class='ocrx_word' id='word_1_106' title='bbox 512 1676 558 1748; x_wconf 90' lang='lat' dir='ltr'><strong>lta</strong></span> <span class='ocrx_word' id='word_1_107' title='bbox 573 1675 707 1748; x_wconf 85' lang='lat' dir='ltr'><strong>militari</strong></span> <span class='ocrx_word' id='word_1_108' title='bbox 717 1675 831 1748; x_wconf 89' lang='lat' dir='ltr'><strong>vestitu</strong></span> <span class='ocrx_word' id='word_1_109' title='bbox 847 1675 984 1748; x_wconf 91' lang='lat' dir='ltr'><strong>demisse</strong></span> <span class='ocrx_word' id='word_1_110' title='bbox 1000 1675 1149 1758; x_wconf 88' lang='lat' dir='ltr'><strong>indutus,</strong></span> <span class='ocrx_word' id='word_1_111' title='bbox 1163 1674 1205 1745; x_wconf 91' lang='lat' dir='ltr'><strong>ad</strong></span> <span class='ocrx_word' id='word_1_112' title='bbox 1218 1700 1313 1744; x_wconf 86' lang='lat' dir='ltr'><strong>suurn</strong></span> <span class='ocrx_word' id='word_1_113' title='bbox 1324 1672 1455 1746; x_wconf 90' lang='lat' dir='ltr'><strong>veniens</strong></span> <span class='ocrx_word' id='word_1_114' title='bbox 1469 1673 1623 1756; x_wconf 89' lang='lat' dir='ltr'><strong>militem,</strong></span> <span class='ocrx_word' id='word_1_115' title='bbox 1637 1685 1685 1756; x_wconf 86' lang='lat' dir='ltr'><strong>et,</strong></span> <span class='ocrx_word' id='word_1_116' title='bbox 1700 1675 1794 1773; x_wconf 86' lang='lat' dir='ltr'><strong>quasi</strong></span> 
     </span>
     <span class='ocr_line' id='line_1_11' title="bbox 218 1793 1794 1897; baseline -0.003 -27"><span class='ocrx_word' id='word_1_117' title='bbox 218 1825 303 1870; x_wconf 81' lang='lat' dir='ltr'><strong>vanus</strong></span> <span class='ocrx_word' id='word_1_118' title='bbox 320 1825 338 1870; x_wconf 91' lang='lat' dir='ltr'><strong>e</strong></span> <span class='ocrx_word' id='word_1_119' title='bbox 353 1798 464 1870; x_wconf 89' lang='lat' dir='ltr'><strong>multis</strong></span> <span class='ocrx_word' id='word_1_120' title='bbox 481 1797 521 1868; x_wconf 88' lang='lat' dir='ltr'><strong>nd</strong></span> <span class='ocrx_word' id='word_1_121' title='bbox 540 1824 615 1868; x_wconf 90' lang='lat' dir='ltr'><strong>eum</strong></span> <span class='ocrx_word' id='word_1_122' title='bbox 628 1797 801 1881; x_wconf 87' lang='lat' dir='ltr'><strong>accedens,</strong></span> <span class='ocrx_word' id='word_1_123' title='bbox 814 1796 954 1897; x_wconf 87' lang='lat' dir='ltr'><strong>scipsum</strong></span> <span class='ocrx_word' id='word_1_124' title='bbox 971 1796 1056 1868; x_wconf 89' lang='lat' dir='ltr'><strong>inter</strong></span> <span class='ocrx_word' id='word_1_125' title='bbox 1072 1795 1212 1895; x_wconf 88' lang='lat' dir='ltr'><strong>captivos</strong></span> <span class='ocrx_word' id='word_1_126' title='bbox 1227 1807 1392 1893; x_wconf 90' lang='lat' dir='ltr'><strong>computat</strong></span> <span class='ocrx_word' id='word_1_127' title='bbox 1404 1793 1560 1877; x_wconf 84' lang='lat' dir='ltr'><strong>Salvator,</strong></span> <span class='ocrx_word' id='word_1_128' title='bbox 1570 1793 1655 1865; x_wconf 86' lang='lat' dir='ltr'><strong>inter</strong></span> <span class='ocrx_word' id='word_1_129' title='bbox 1669 1821 1743 1866; x_wconf 89' lang='lat' dir='ltr'><strong>reos</strong></span> <span class='ocrx_word' id='word_1_130' title='bbox 1758 1822 1794 1866; x_wconf 92' lang='lat' dir='ltr'><strong>se</strong></span> 
     </span>
     <span class='ocr_line' id='line_1_12' title="bbox 216 1914 1791 2018; baseline -0.003 -26"><span class='ocrx_word' id='word_1_131' title='bbox 216 1919 319 1994; x_wconf 75' lang='lat' dir='ltr'><strong>sistit³</strong></span> <span class='ocrx_word' id='word_1_132' title='bbox 330 1920 446 2017; x_wconf 85' lang='lat' dir='ltr'><strong>judex,</strong></span> <span class='ocrx_word' id='word_1_133' title='bbox 460 1945 559 2018; x_wconf 89' lang='lat' dir='ltr'><strong>seque</strong></span> <span class='ocrx_word' id='word_1_134' title='bbox 574 1917 687 1990; x_wconf 89' lang='lat' dir='ltr'><strong>ovibus</strong></span> <span class='ocrx_word' id='word_1_135' title='bbox 703 1916 839 2017; x_wconf 89' lang='lat' dir='ltr'><strong>perditis</strong></span> <span class='ocrx_word' id='word_1_136' title='bbox 855 1918 1002 2016; x_wconf 82' lang='lat' dir='ltr'><strong>adjunxit</strong></span> <span class='ocrx_word' id='word_1_137' title='bbox 1020 1917 1133 1988; x_wconf 90' lang='lat' dir='ltr'><strong>Pastor</strong></span> <span class='ocrx_word' id='word_1_138' title='bbox 1146 1917 1284 2000; x_wconf 50' lang='lat' dir='ltr'><strong>bonust</strong></span> <span class='ocrx_word' id='word_1_139' title='bbox 1299 1916 1357 2016; x_wconf 91' lang='lat' dir='ltr'><strong>qui</strong></span> <span class='ocrx_word' id='word_1_140' title='bbox 1372 1928 1505 2014; x_wconf 85' lang='lat' dir='ltr'><strong>propter</strong></span> <span class='ocrx_word' id='word_1_141' title='bbox 1519 1941 1610 1988; x_wconf 91' lang='lat' dir='ltr'><strong>ovem</strong></span> <span class='ocrx_word' id='word_1_142' title='bbox 1629 1914 1791 2015; x_wconf 88' lang='lat' dir='ltr'><strong>perditam</strong></span> 
     </span>
     <span class='ocr_line' id='line_1_13' title="bbox 216 2035 1793 2122; baseline -0.003 -8"><span class='ocrx_word' id='word_1_143' title='bbox 216 2041 340 2114; x_wconf 87' lang='lat' dir='ltr'><strong>ecoelis</strong></span> <span class='ocrx_word' id='word_1_144' title='bbox 358 2039 569 2114; x_wconf 84' lang='lat' dir='ltr'><strong>descenderat</strong></span> <span class='ocrx_word' id='word_1_145' title='bbox 585 2053 705 2114; x_wconf 92' lang='lat' dir='ltr'><strong>etcum</strong></span> <span class='ocrx_word' id='word_1_146' title='bbox 725 2039 914 2112; x_wconf 90' lang='lat' dir='ltr'><strong>hominibus</strong></span> <span class='ocrx_word' id='word_1_147' title='bbox 933 2050 1137 2110; x_wconf 86' lang='lat' dir='ltr'><strong>conversatus</strong></span> <span class='ocrx_word' id='word_1_148' title='bbox 1157 2037 1278 2120; x_wconf 83' lang='lat' dir='ltr'><strong>suerat,</strong></span> <span class='ocrx_word' id='word_1_149' title='bbox 1293 2050 1330 2108; x_wconf 88' lang='lat' dir='ltr'><strong>ut</strong></span> <span class='ocrx_word' id='word_1_150' title='bbox 1351 2037 1500 2109; x_wconf 91' lang='lat' dir='ltr'><strong>homines</strong></span> <span class='ocrx_word' id='word_1_151' title='bbox 1517 2035 1656 2108; x_wconf 86' lang='lat' dir='ltr'><strong>elevaret</strong></span> <span class='ocrx_word' id='word_1_152' title='bbox 1670 2035 1712 2122; x_wconf 84' lang='lat' dir='ltr'><strong>ad</strong></span> <span class='ocrx_word' id='word_1_153' title='bbox 1729 2065 1793 2109; x_wconf 88' lang='lat' dir='ltr'><strong>coe-</strong></span> 
     </span>
     <span class='ocr_line' id='line_1_14' title="bbox 215 2157 1792 2258; baseline -0.003 -23"><span class='ocrx_word' id='word_1_154' title='bbox 215 2163 302 2246; x_wconf 89' lang='lat' dir='ltr'><strong>lum,</strong></span> <span class='ocrx_word' id='word_1_155' title='bbox 321 2189 388 2235; x_wconf 94' lang='lat' dir='ltr'><strong>non</strong></span> <span class='ocrx_word' id='word_1_156' title='bbox 407 2175 515 2234; x_wconf 82' lang='lat' dir='ltr'><strong>autem</strong></span> <span class='ocrx_word' id='word_1_157' title='bbox 530 2174 673 2233; x_wconf 90' lang='lat' dir='ltr'><strong>mutatus</strong></span> <span class='ocrx_word' id='word_1_158' title='bbox 686 2162 792 2234; x_wconf 89' lang='lat' dir='ltr'><strong>luerat</strong></span> <span class='ocrx_word' id='word_1_159' title='bbox 805 2161 839 2232; x_wconf 95' lang='lat' dir='ltr'><strong>in</strong></span> <span class='ocrx_word' id='word_1_160' title='bbox 853 2187 1001 2243; x_wconf 87' lang='lat' dir='ltr'><strong>curnem,</strong></span> <span class='ocrx_word' id='word_1_161' title='bbox 1016 2184 1123 2258; x_wconf 87' lang='lat' dir='ltr'><strong>neque</strong></span> <span class='ocrx_word' id='word_1_162' title='bbox 1139 2159 1316 2257; x_wconf 82' lang='lat' dir='ltr'><strong>reliquerat</strong></span> <span class='ocrx_word' id='word_1_163' title='bbox 1327 2159 1544 2241; x_wconf 81' lang='lat' dir='ltr'><strong>frumentum,</strong></span> <span class='ocrx_word' id='word_1_164' title='bbox 1556 2157 1792 2231; x_wconf 88' lang='lat' dir='ltr'><strong>commiscendo</strong></span> 
     </span>
     <span class='ocr_line' id='line_1_15' title="bbox 215 2278 1279 2384; baseline -0.006 -26"><span class='ocrx_word' id='word_1_165' title='bbox 215 2311 250 2358; x_wconf 87' lang='lat' dir='ltr'><strong>se</strong></span> <span class='ocrx_word' id='word_1_166' title='bbox 266 2284 412 2367; x_wconf 79' lang='lat' dir='ltr'><strong>zizaniis,</strong></span> <span class='ocrx_word' id='word_1_167' title='bbox 428 2309 567 2382; x_wconf 90' lang='lat' dir='ltr'><strong>granum</strong></span> <span class='ocrx_word' id='word_1_168' title='bbox 583 2282 672 2354; x_wconf 90' lang='lat' dir='ltr'><strong>istud</strong></span> <span class='ocrx_word' id='word_1_169' title='bbox 688 2282 815 2354; x_wconf 74' lang='lat' dir='ltr'><strong>caeleste</strong></span> <span class='ocrx_word' id='word_1_170' title='bbox 832 2278 984 2384; x_wconf 83' lang='lat' dir='ltr'><strong>(natum)</strong></span> <span class='ocrx_word' id='word_1_171' title='bbox 1003 2280 1126 2380; x_wconf 86' lang='lat' dir='ltr'><strong>absque</strong></span> <span class='ocrx_word' id='word_1_172' title='bbox 1144 2280 1279 2352; x_wconf 88' lang='lat' dir='ltr'><strong>semine.</strong></span> 
     </span>
    </p>
   </div>
   <div class='ocr_carea' id='block_1_3' title="bbox 209 2475 1792 5000">
    <p class='ocr_par' dir='ltr' id='par_1_3' title="bbox 209 2475 1792 5000">
     <span class='ocr_line' id='line_1_16' title="bbox 266 2475 1792 2580; baseline -0.007 -24"><span class='ocrx_word' id='word_1_173' title='bbox 266 2479 308 2556; x_wconf 89' lang='lat' dir='ltr'><strong>ll.</strong></span> <span class='ocrx_word' id='word_1_174' title='bbox 338 2477 434 2552; x_wconf 90' lang='lat' dir='ltr'><strong>lllum</strong></span> <span class='ocrx_word' id='word_1_175' title='bbox 454 2504 531 2576; x_wconf 87' lang='lat' dir='ltr'><strong>ergo</strong></span> <span class='ocrx_word' id='word_1_176' title='bbox 554 2503 687 2552; x_wconf 87' lang='lat' dir='ltr'><strong>cernens</strong></span> <span class='ocrx_word' id='word_1_177' title='bbox 709 2477 850 2553; x_wconf 82' lang='lat' dir='ltr'><strong>loannes</strong></span> <span class='ocrx_word' id='word_1_178' title='bbox 875 2476 1033 2580; x_wconf 86' lang='lat' dir='ltr'><strong>Baptista,</strong></span> <span class='ocrx_word' id='word_1_179' title='bbox 1055 2503 1195 2578; x_wconf 90' lang='lat' dir='ltr'><strong>eumque</strong></span> <span class='ocrx_word' id='word_1_180' title='bbox 1221 2502 1372 2560; x_wconf 89' lang='lat' dir='ltr'><strong>noscens,</strong></span> <span class='ocrx_word' id='word_1_181' title='bbox 1392 2501 1506 2578; x_wconf 89' lang='lat' dir='ltr'><strong>quem,</strong></span> <span class='ocrx_word' id='word_1_182' title='bbox 1526 2475 1638 2548; x_wconf 88' lang='lat' dir='ltr'><strong>matris</strong></span> <span class='ocrx_word' id='word_1_183' title='bbox 1662 2502 1727 2547; x_wconf 83' lang='lat' dir='ltr'><strong>suae</strong></span> <span class='ocrx_word' id='word_1_184' title='bbox 1756 2502 1792 2546; x_wconf 82' lang='lat' dir='ltr'><strong>cr</strong></span> 
     </span>
     <span class='ocr_line' id='line_1_17' title="bbox 215 2595 1791 2698; baseline -0.003 -25"><span class='ocrx_word' id='word_1_185' title='bbox 215 2615 324 2684; x_wconf 89' lang='lat' dir='ltr'><strong>utero,</strong></span> <span class='ocrx_word' id='word_1_186' title='bbox 344 2613 476 2676; x_wconf 87' lang='lat' dir='ltr'><strong>noverat</strong></span> <span class='ocrx_word' id='word_1_187' title='bbox 494 2613 526 2672; x_wconf 91' lang='lat' dir='ltr'><strong>et</strong></span> <span class='ocrx_word' id='word_1_188' title='bbox 548 2598 752 2685; x_wconf 81' lang='lat' dir='ltr'><strong>adoraveret3</strong></span> <span class='ocrx_word' id='word_1_189' title='bbox 772 2598 939 2698; x_wconf 88' lang='lat' dir='ltr'><strong>probeque</strong></span> <span class='ocrx_word' id='word_1_190' title='bbox 961 2597 1066 2672; x_wconf 88' lang='lat' dir='ltr'><strong>sciens</strong></span> <span class='ocrx_word' id='word_1_191' title='bbox 1088 2595 1178 2669; x_wconf 93' lang='lat' dir='ltr'><strong>hunc</strong></span> <span class='ocrx_word' id='word_1_192' title='bbox 1196 2596 1290 2669; x_wconf 89' lang='lat' dir='ltr'><strong>illum</strong></span> <span class='ocrx_word' id='word_1_193' title='bbox 1308 2597 1415 2697; x_wconf 91' lang='lat' dir='ltr'><strong>ipsum</strong></span> <span class='ocrx_word' id='word_1_194' title='bbox 1439 2623 1507 2668; x_wconf 88' lang='lat' dir='ltr'><strong>esse</strong></span> <span class='ocrx_word' id='word_1_195' title='bbox 1527 2598 1618 2695; x_wconf 85' lang='lat' dir='ltr'><strong>cujus</strong></span> <span class='ocrx_word' id='word_1_196' title='bbox 1639 2623 1734 2668; x_wconf 87' lang='lat' dir='ltr'><strong>causa</strong></span> <span class='ocrx_word' id='word_1_197' title='bbox 1757 2595 1791 2668; x_wconf 92' lang='lat' dir='ltr'><strong>in</strong></span> 
     </span>
     <span class='ocr_line' id='line_1_18' title="bbox 216 2717 1788 2819; baseline -0.004 -24"><span class='ocrx_word' id='word_1_198' title='bbox 216 2734 309 2796; x_wconf 89' lang='lat' dir='ltr'><strong>utero</strong></span> <span class='ocrx_word' id='word_1_199' title='bbox 325 2721 437 2794; x_wconf 87' lang='lat' dir='ltr'><strong>matris</strong></span> <span class='ocrx_word' id='word_1_200' title='bbox 452 2747 517 2792; x_wconf 83' lang='lat' dir='ltr'><strong>suae</strong></span> <span class='ocrx_word' id='word_1_201' title='bbox 530 2746 628 2819; x_wconf 89' lang='lat' dir='ltr'><strong>supra</strong></span> <span class='ocrx_word' id='word_1_202' title='bbox 642 2719 776 2794; x_wconf 89' lang='lat' dir='ltr'><strong>modum</strong></span> <span class='ocrx_word' id='word_1_203' title='bbox 792 2719 895 2792; x_wconf 77' lang='lat' dir='ltr'><strong>aetatis</strong></span> <span class='ocrx_word' id='word_1_204' title='bbox 912 2718 1124 2802; x_wconf 86' lang='lat' dir='ltr'><strong>exultaverat,</strong></span> <span class='ocrx_word' id='word_1_205' title='bbox 1136 2717 1179 2790; x_wconf 93' lang='lat' dir='ltr'><strong>ad</strong></span> <span class='ocrx_word' id='word_1_206' title='bbox 1193 2719 1263 2817; x_wconf 89' lang='lat' dir='ltr'><strong>ejus</strong></span> <span class='ocrx_word' id='word_1_207' title='bbox 1278 2732 1485 2818; x_wconf 90' lang='lat' dir='ltr'><strong>conspectum</strong></span> <span class='ocrx_word' id='word_1_208' title='bbox 1498 2730 1620 2790; x_wconf 83' lang='lat' dir='ltr'><strong>naturae</strong></span> <span class='ocrx_word' id='word_1_209' title='bbox 1634 2717 1788 2790; x_wconf 87' lang='lat' dir='ltr'><strong>terminos</strong></span> 
     </span>
     <span class='ocr_line' id='line_1_19' title="bbox 217 2838 1787 2944; baseline -0.005 -26"><span class='ocrx_word' id='word_1_210' title='bbox 217 2842 413 2944; x_wconf 84' lang='lat' dir='ltr'><strong>reprimens,</strong></span> <span class='ocrx_word' id='word_1_211' title='bbox 430 2841 593 2917; x_wconf 80' lang='lat' dir='ltr'><strong>dexteram</strong></span> <span class='ocrx_word' id='word_1_212' title='bbox 615 2840 701 2914; x_wconf 87' lang='lat' dir='ltr'><strong>intra</strong></span> <span class='ocrx_word' id='word_1_213' title='bbox 723 2839 900 2941; x_wconf 86' lang='lat' dir='ltr'><strong>diploidem</strong></span> <span class='ocrx_word' id='word_1_214' title='bbox 920 2840 1091 2924; x_wconf 80' lang='lat' dir='ltr'><strong>contraxit,</strong></span> <span class='ocrx_word' id='word_1_215' title='bbox 1111 2838 1331 2939; x_wconf 90' lang='lat' dir='ltr'><strong>inclinatoque</strong></span> <span class='ocrx_word' id='word_1_216' title='bbox 1352 2839 1471 2941; x_wconf 88' lang='lat' dir='ltr'><strong>cupite,</strong></span> <span class='ocrx_word' id='word_1_217' title='bbox 1491 2851 1527 2910; x_wconf 90' lang='lat' dir='ltr'><strong>ut</strong></span> <span class='ocrx_word' id='word_1_218' title='bbox 1549 2838 1787 2910; x_wconf 89' lang='lat' dir='ltr'><strong>amantissimus</strong></span> 
     </span>
     <span class='ocr_line' id='line_1_20' title="bbox 218 2959 1787 3060; baseline -0.004 -23"><span class='ocrx_word' id='word_1_219' title='bbox 218 2963 350 3040; x_wconf 84' lang='lat' dir='ltr'><strong>Domini</strong></span> <span class='ocrx_word' id='word_1_220' title='bbox 367 2964 418 3040; x_wconf 85' lang='lat' dir='ltr'><strong>sui</strong></span> <span class='ocrx_word' id='word_1_221' title='bbox 436 2989 561 3047; x_wconf 87' lang='lat' dir='ltr'><strong>servus,</strong></span> <span class='ocrx_word' id='word_1_222' title='bbox 576 2960 696 3036; x_wconf 87' lang='lat' dir='ltr'><strong>talibus</strong></span> <span class='ocrx_word' id='word_1_223' title='bbox 716 2989 792 3035; x_wconf 89' lang='lat' dir='ltr'><strong>eum</strong></span> <span class='ocrx_word' id='word_1_224' title='bbox 812 2961 942 3038; x_wconf 92' lang='lat' dir='ltr'><strong>vocibus</strong></span> <span class='ocrx_word' id='word_1_225' title='bbox 959 2960 1119 3034; x_wconf 88' lang='lat' dir='ltr'><strong>allocutus</strong></span> <span class='ocrx_word' id='word_1_226' title='bbox 1137 2975 1205 3038; x_wconf 76' lang='lat' dir='ltr'><strong>estc</strong></span> <span class='ocrx_word' id='word_1_227' title='bbox 1222 2961 1317 3058; x_wconf 64' lang='lat' dir='ltr'><strong>«Ego</strong></span> <span class='ocrx_word' id='word_1_228' title='bbox 1331 2959 1464 3060; x_wconf 90' lang='lat' dir='ltr'><strong>indigeo</strong></span> <span class='ocrx_word' id='word_1_229' title='bbox 1483 2972 1518 3033; x_wconf 92' lang='lat' dir='ltr'><strong>ut</strong></span> <span class='ocrx_word' id='word_1_230' title='bbox 1539 2987 1557 3032; x_wconf 86' lang='lat' dir='ltr'><strong>a</strong></span> <span class='ocrx_word' id='word_1_231' title='bbox 1580 2973 1611 3031; x_wconf 90' lang='lat' dir='ltr'><strong>te</strong></span> <span class='ocrx_word' id='word_1_232' title='bbox 1632 2959 1787 3060; x_wconf 84' lang='lat' dir='ltr'><strong>baptizer,</strong></span> 
     </span>
     <span class='ocr_line' id='line_1_21' title="bbox 217 3081 1788 3172; baseline -0.004 -14"><span class='ocrx_word' id='word_1_233' title='bbox 217 3099 276 3160; x_wconf 78' lang='lat' dir='ltr'><strong>set</strong></span> <span class='ocrx_word' id='word_1_234' title='bbox 297 3099 332 3161; x_wconf 93' lang='lat' dir='ltr'><strong>tu</strong></span> <span class='ocrx_word' id='word_1_235' title='bbox 352 3085 440 3160; x_wconf 88' lang='lat' dir='ltr'><strong>venis</strong></span> <span class='ocrx_word' id='word_1_236' title='bbox 462 3085 503 3158; x_wconf 89' lang='lat' dir='ltr'><strong>od</strong></span> <span class='ocrx_word' id='word_1_237' title='bbox 525 3083 683 3160; x_wconf 81' lang='lat' dir='ltr'><strong>me⁵lo0</strong></span> <span class='ocrx_word' id='word_1_238' title='bbox 705 3083 860 3172; x_wconf 88' lang='lat' dir='ltr'><strong>Domine,</strong></span> <span class='ocrx_word' id='word_1_239' title='bbox 877 3111 933 3158; x_wconf 89' lang='lat' dir='ltr'><strong>cor</strong></span> <span class='ocrx_word' id='word_1_240' title='bbox 959 3109 1066 3156; x_wconf 90' lang='lat' dir='ltr'><strong>rerum</strong></span> <span class='ocrx_word' id='word_1_241' title='bbox 1094 3097 1198 3156; x_wconf 87' lang='lat' dir='ltr'><strong>mutas</strong></span> <span class='ocrx_word' id='word_1_242' title='bbox 1222 3081 1391 3156; x_wconf 76' lang='lat' dir='ltr'><strong>ordinem?</strong></span> <span class='ocrx_word' id='word_1_243' title='bbox 1407 3081 1586 3164; x_wconf 86' lang='lat' dir='ltr'><strong>Quorsum,</strong></span> <span class='ocrx_word' id='word_1_244' title='bbox 1603 3093 1640 3153; x_wconf 91' lang='lat' dir='ltr'><strong>ut</strong></span> <span class='ocrx_word' id='word_1_245' title='bbox 1663 3107 1788 3163; x_wconf 88' lang='lat' dir='ltr'><strong>servus,</strong></span> 
     </span>
     <span class='ocr_line' id='line_1_22' title="bbox 217 3201 1789 3308; baseline -0.006 -26"><span class='ocrx_word' id='word_1_246' title='bbox 217 3234 271 3292; x_wconf 86' lang='lat' dir='ltr'><strong>ea,</strong></span> <span class='ocrx_word' id='word_1_247' title='bbox 290 3234 362 3308; x_wconf 82' lang='lat' dir='ltr'><strong>quae</strong></span> <span class='ocrx_word' id='word_1_248' title='bbox 386 3233 550 3284; x_wconf 79' lang='lat' dir='ltr'><strong>servorum</strong></span> <span class='ocrx_word' id='word_1_249' title='bbox 573 3218 664 3291; x_wconf 90' lang='lat' dir='ltr'><strong>sunt,</strong></span> <span class='ocrx_word' id='word_1_250' title='bbox 685 3234 703 3282; x_wconf 87' lang='lat' dir='ltr'><strong>a</strong></span> <span class='ocrx_word' id='word_1_251' title='bbox 725 3232 815 3280; x_wconf 88' lang='lat' dir='ltr'><strong>servo</strong></span> <span class='ocrx_word' id='word_1_252' title='bbox 836 3219 892 3278; x_wconf 87' lang='lat' dir='ltr'><strong>tuo</strong></span> <span class='ocrx_word' id='word_1_253' title='bbox 916 3205 1074 3306; x_wconf 87' lang='lat' dir='ltr'><strong>requiris?</strong></span> <span class='ocrx_word' id='word_1_254' title='bbox 1090 3205 1155 3278; x_wconf 89' lang='lat' dir='ltr'><strong>Cur</strong></span> <span class='ocrx_word' id='word_1_255' title='bbox 1172 3230 1210 3280; x_wconf 84' lang='lat' dir='ltr'><strong>ea</strong></span> <span class='ocrx_word' id='word_1_256' title='bbox 1230 3203 1322 3303; x_wconf 91' lang='lat' dir='ltr'><strong>cupis</strong></span> <span class='ocrx_word' id='word_1_257' title='bbox 1345 3202 1488 3303; x_wconf 90' lang='lat' dir='ltr'><strong>accipere</strong></span> <span class='ocrx_word' id='word_1_258' title='bbox 1508 3201 1628 3304; x_wconf 90' lang='lat' dir='ltr'><strong>quibus</strong></span> <span class='ocrx_word' id='word_1_259' title='bbox 1647 3229 1714 3276; x_wconf 93' lang='lat' dir='ltr'><strong>non</strong></span> <span class='ocrx_word' id='word_1_260' title='bbox 1736 3201 1789 3274; x_wconf 93' lang='lat' dir='ltr'><strong>in-</strong></span> 
     </span>
     <span class='ocr_line' id='line_1_23' title="bbox 216 3311 1790 3427; baseline -0.003 -27"><span class='ocrx_word' id='word_1_261' title='bbox 216 3328 326 3427; x_wconf 90' lang='lat' dir='ltr'><strong>diges?</strong></span> <span class='ocrx_word' id='word_1_262' title='bbox 341 3329 407 3404; x_wconf 82' lang='lat' dir='ltr'><strong>Cur</strong></span> <span class='ocrx_word' id='word_1_263' title='bbox 421 3340 509 3402; x_wconf 85' lang='lat' dir='ltr'><strong>tanta</strong></span> <span class='ocrx_word' id='word_1_264' title='bbox 526 3327 720 3404; x_wconf 84' lang='lat' dir='ltr'><strong>demissione</strong></span> <span class='ocrx_word' id='word_1_265' title='bbox 737 3340 793 3402; x_wconf 87' lang='lat' dir='ltr'><strong>tua</strong></span> <span class='ocrx_word' id='word_1_266' title='bbox 811 3353 864 3404; x_wconf 86' lang='lat' dir='ltr'><strong>mc</strong></span> <span class='ocrx_word' id='word_1_267' title='bbox 881 3327 1039 3402; x_wconf 80' lang='lat' dir='ltr'><strong>famulum</strong></span> <span class='ocrx_word' id='word_1_268' title='bbox 1054 3339 1148 3400; x_wconf 87' lang='lat' dir='ltr'><strong>tuum</strong></span> <span class='ocrx_word' id='word_1_269' title='bbox 1164 3325 1298 3422; x_wconf 89' lang='lat' dir='ltr'><strong>gravas?</strong></span> <span class='ocrx_word' id='word_1_270' title='bbox 1314 3324 1407 3424; x_wconf 82' lang='lat' dir='ltr'><strong>sEgo</strong></span> <span class='ocrx_word' id='word_1_271' title='bbox 1424 3324 1554 3422; x_wconf 81' lang='lat' dir='ltr'><strong>indigeo</strong></span> <span class='ocrx_word' id='word_1_272' title='bbox 1565 3311 1606 3396; x_wconf 88' lang='lat' dir='ltr'><strong>ut</strong></span> <span class='ocrx_word' id='word_1_273' title='bbox 1621 3351 1641 3396; x_wconf 93' lang='lat' dir='ltr'><strong>a</strong></span> <span class='ocrx_word' id='word_1_274' title='bbox 1656 3338 1687 3396; x_wconf 89' lang='lat' dir='ltr'><strong>te</strong></span> <span class='ocrx_word' id='word_1_275' title='bbox 1706 3323 1790 3424; x_wconf 89' lang='lat' dir='ltr'><strong>bap-</strong></span> 
     </span>
     <span class='ocr_line' id='line_1_24' title="bbox 216 3444 1788 3551; baseline -0.003 -33"><span class='ocrx_word' id='word_1_276' title='bbox 216 3450 354 3534; x_wconf 60' lang='lat' dir='ltr'><strong>citizens</strong></span> <span class='ocrx_word' id='word_1_277' title='bbox 378 3463 410 3521; x_wconf 90' lang='lat' dir='ltr'><strong>et</strong></span> <span class='ocrx_word' id='word_1_278' title='bbox 434 3463 466 3521; x_wconf 91' lang='lat' dir='ltr'><strong>tu</strong></span> <span class='ocrx_word' id='word_1_279' title='bbox 490 3476 510 3520; x_wconf 87' lang='lat' dir='ltr'><strong>a</strong></span> <span class='ocrx_word' id='word_1_280' title='bbox 534 3476 587 3521; x_wconf 90' lang='lat' dir='ltr'><strong>me</strong></span> <span class='ocrx_word' id='word_1_281' title='bbox 611 3449 768 3551; x_wconf 88' lang='lat' dir='ltr'><strong>baptizari</strong></span> <span class='ocrx_word' id='word_1_282' title='bbox 792 3475 857 3521; x_wconf 93' lang='lat' dir='ltr'><strong>non</strong></span> <span class='ocrx_word' id='word_1_283' title='bbox 881 3448 1018 3545; x_wconf 88' lang='lat' dir='ltr'><strong>indiges.</strong></span> <span class='ocrx_word' id='word_1_284' title='bbox 1049 3447 1186 3518; x_wconf 88' lang='lat' dir='ltr'><strong>lnlerius</strong></span> <span class='ocrx_word' id='word_1_285' title='bbox 1215 3473 1233 3516; x_wconf 90' lang='lat' dir='ltr'><strong>a</strong></span> <span class='ocrx_word' id='word_1_286' title='bbox 1254 3446 1388 3545; x_wconf 86' lang='lat' dir='ltr'><strong>potiori,</strong></span> <span class='ocrx_word' id='word_1_287' title='bbox 1413 3472 1478 3517; x_wconf 93' lang='lat' dir='ltr'><strong>non</strong></span> <span class='ocrx_word' id='word_1_288' title='bbox 1504 3460 1611 3518; x_wconf 89' lang='lat' dir='ltr'><strong>autem</strong></span> <span class='ocrx_word' id='word_1_289' title='bbox 1636 3444 1788 3545; x_wconf 87' lang='lat' dir='ltr'><strong>potiusa</strong></span> 
     </span>
     <span class='ocr_line' id='line_1_25' title="bbox 215 3565 1788 3665; baseline -0.004 -23"><span class='ocrx_word' id='word_1_290' title='bbox 215 3570 333 3643; x_wconf 92' lang='lat' dir='ltr'><strong>minori</strong></span> <span class='ocrx_word' id='word_1_291' title='bbox 350 3570 564 3643; x_wconf 85' lang='lat' dir='ltr'><strong>benedicitur.</strong></span> <span class='ocrx_word' id='word_1_292' title='bbox 583 3571 728 3642; x_wconf 88' lang='lat' dir='ltr'><strong>Lucerna</strong></span> <span class='ocrx_word' id='word_1_293' title='bbox 747 3597 765 3640; x_wconf 91' lang='lat' dir='ltr'><strong>a</strong></span> <span class='ocrx_word' id='word_1_294' title='bbox 781 3569 865 3652; x_wconf 90' lang='lat' dir='ltr'><strong>sole,</strong></span> <span class='ocrx_word' id='word_1_295' title='bbox 880 3595 946 3641; x_wconf 94' lang='lat' dir='ltr'><strong>non</strong></span> <span class='ocrx_word' id='word_1_296' title='bbox 962 3566 1010 3640; x_wconf 93' lang='lat' dir='ltr'><strong>sol</strong></span> <span class='ocrx_word' id='word_1_297' title='bbox 1026 3595 1043 3638; x_wconf 91' lang='lat' dir='ltr'><strong>a</strong></span> <span class='ocrx_word' id='word_1_298' title='bbox 1059 3567 1194 3638; x_wconf 84' lang='lat' dir='ltr'><strong>lucerna</strong></span> <span class='ocrx_word' id='word_1_299' title='bbox 1210 3567 1407 3652; x_wconf 67' lang='lat' dir='ltr'><strong>illustratum</strong></span> <span class='ocrx_word' id='word_1_300' title='bbox 1421 3566 1567 3665; x_wconf 81' lang='lat' dir='ltr'><strong>argillae</strong></span> <span class='ocrx_word' id='word_1_301' title='bbox 1588 3565 1686 3664; x_wconf 88' lang='lat' dir='ltr'><strong>ligulo</strong></span> <span class='ocrx_word' id='word_1_302' title='bbox 1705 3593 1788 3665; x_wconf 85' lang='lat' dir='ltr'><strong>prae·</strong></span> 
     </span>
     <span class='ocr_line' id='line_1_26' title="bbox 213 3687 1785 3792; baseline -0.003 -30"><span class='ocrx_word' id='word_1_303' title='bbox 213 3705 357 3791; x_wconf 86' lang='lat' dir='ltr'><strong>paratur,</strong></span> <span class='ocrx_word' id='word_1_304' title='bbox 382 3717 448 3763; x_wconf 91' lang='lat' dir='ltr'><strong>non</strong></span> <span class='ocrx_word' id='word_1_305' title='bbox 472 3689 591 3789; x_wconf 87' lang='lat' dir='ltr'><strong>figulus</strong></span> <span class='ocrx_word' id='word_1_306' title='bbox 606 3687 718 3792; x_wconf 74' lang='lat'>(129)</span> <span class='ocrx_word' id='word_1_307' title='bbox 737 3690 777 3762; x_wconf 89' lang='lat' dir='ltr'><strong>ab</strong></span> <span class='ocrx_word' id='word_1_308' title='bbox 800 3688 914 3788; x_wconf 86' lang='lat' dir='ltr'><strong>argilla</strong></span> <span class='ocrx_word' id='word_1_309' title='bbox 934 3687 1129 3788; x_wconf 68' lang='lat' dir='ltr'><strong>plasmatum</strong></span> <span class='ocrx_word' id='word_1_310' title='bbox 1147 3702 1292 3760; x_wconf 91' lang='lat' dir='ltr'><strong>creatura</strong></span> <span class='ocrx_word' id='word_1_311' title='bbox 1312 3716 1329 3760; x_wconf 88' lang='lat' dir='ltr'><strong>a</strong></span> <span class='ocrx_word' id='word_1_312' title='bbox 1350 3700 1494 3760; x_wconf 87' lang='lat' dir='ltr'><strong>creatore</strong></span> <span class='ocrx_word' id='word_1_313' title='bbox 1516 3700 1698 3772; x_wconf 90' lang='lat' dir='ltr'><strong>renovatur,</strong></span> <span class='ocrx_word' id='word_1_314' title='bbox 1719 3713 1785 3758; x_wconf 93' lang='lat' dir='ltr'><strong>non</strong></span> 
     </span>
     <span class='ocr_line' id='line_1_27' title="bbox 214 3807 1786 3907; baseline -0.004 -24"><span class='ocrx_word' id='word_1_315' title='bbox 214 3825 322 3884; x_wconf 91' lang='lat' dir='ltr'><strong>autom</strong></span> <span class='ocrx_word' id='word_1_316' title='bbox 338 3825 463 3885; x_wconf 87' lang='lat' dir='ltr'><strong>creator</strong></span> <span class='ocrx_word' id='word_1_317' title='bbox 477 3838 493 3883; x_wconf 89' lang='lat' dir='ltr'><strong>a</strong></span> <span class='ocrx_word' id='word_1_318' title='bbox 511 3824 673 3896; x_wconf 87' lang='lat' dir='ltr'><strong>creatura;</strong></span> <span class='ocrx_word' id='word_1_319' title='bbox 690 3826 831 3907; x_wconf 78' lang='lat' dir='ltr'><strong>aegrotus</strong></span> <span class='ocrx_word' id='word_1_320' title='bbox 846 3839 864 3884; x_wconf 90' lang='lat' dir='ltr'><strong>a</strong></span> <span class='ocrx_word' id='word_1_321' title='bbox 880 3810 1005 3886; x_wconf 87' lang='lat' dir='ltr'><strong>medico</strong></span> <span class='ocrx_word' id='word_1_322' title='bbox 1019 3821 1163 3894; x_wconf 85' lang='lat' dir='ltr'><strong>curatur,</strong></span> <span class='ocrx_word' id='word_1_323' title='bbox 1179 3836 1246 3882; x_wconf 91' lang='lat' dir='ltr'><strong>non</strong></span> <span class='ocrx_word' id='word_1_324' title='bbox 1262 3808 1407 3880; x_wconf 90' lang='lat' dir='ltr'><strong>medicus</strong></span> <span class='ocrx_word' id='word_1_325' title='bbox 1420 3807 1461 3879; x_wconf 86' lang='lat' dir='ltr'><strong>ab</strong></span> <span class='ocrx_word' id='word_1_326' title='bbox 1476 3821 1613 3906; x_wconf 84' lang='lat' dir='ltr'><strong>aegroto;</strong></span> <span class='ocrx_word' id='word_1_327' title='bbox 1630 3833 1786 3906; x_wconf 87' lang='lat' dir='ltr'><strong>egenusa</strong></span> 
     </span>
     <span class='ocr_line' id='line_1_28' title="bbox 213 3928 1788 4037; baseline -0.004 -33"><span class='ocrx_word' id='word_1_328' title='bbox 213 3932 311 4005; x_wconf 89' lang='lat' dir='ltr'><strong>divite</strong></span> <span class='ocrx_word' id='word_1_329' title='bbox 330 3947 506 4017; x_wconf 87' lang='lat' dir='ltr'><strong>mutuatur,</strong></span> <span class='ocrx_word' id='word_1_330' title='bbox 527 3958 593 4004; x_wconf 93' lang='lat' dir='ltr'><strong>non</strong></span> <span class='ocrx_word' id='word_1_331' title='bbox 611 3932 698 4005; x_wconf 91' lang='lat' dir='ltr'><strong>dives</strong></span> <span class='ocrx_word' id='word_1_332' title='bbox 715 3961 733 4004; x_wconf 89' lang='lat' dir='ltr'><strong>a</strong></span> <span class='ocrx_word' id='word_1_333' title='bbox 750 3959 892 4037; x_wconf 87' lang='lat' dir='ltr'><strong>paupere</strong></span> <span class='ocrx_word' id='word_1_334' title='bbox 909 3930 1082 4004; x_wconf 87' lang='lat' dir='ltr'><strong>mendicat.</strong></span> <span class='ocrx_word' id='word_1_335' title='bbox 1101 3931 1193 4030; x_wconf 66' lang='lat' dir='ltr'><strong>«Ego</strong></span> <span class='ocrx_word' id='word_1_336' title='bbox 1211 3929 1341 4027; x_wconf 91' lang='lat' dir='ltr'><strong>indigeo</strong></span> <span class='ocrx_word' id='word_1_337' title='bbox 1357 3942 1394 4001; x_wconf 88' lang='lat' dir='ltr'><strong>ut</strong></span> <span class='ocrx_word' id='word_1_338' title='bbox 1408 3957 1427 4000; x_wconf 86' lang='lat' dir='ltr'><strong>a</strong></span> <span class='ocrx_word' id='word_1_339' title='bbox 1443 3943 1473 4001; x_wconf 89' lang='lat' dir='ltr'><strong>te</strong></span> <span class='ocrx_word' id='word_1_340' title='bbox 1488 3928 1668 4028; x_wconf 69' lang='lat' dir='ltr'><strong>baptizer.»</strong></span> <span class='ocrx_word' id='word_1_341' title='bbox 1685 3928 1788 4000; x_wconf 91' lang='lat' dir='ltr'><strong>Num-</strong></span> 
     </span>
     <span class='ocr_line' id='line_1_29' title="bbox 213 4047 1787 4154; baseline -0.004 -29"><span class='ocrx_word' id='word_1_342' title='bbox 213 4053 293 4153; x_wconf 93' lang='lat' dir='ltr'><strong>quid</strong></span> <span class='ocrx_word' id='word_1_343' title='bbox 308 4079 360 4126; x_wconf 89' lang='lat' dir='ltr'><strong>me</strong></span> <span class='ocrx_word' id='word_1_344' title='bbox 378 4052 455 4126; x_wconf 87' lang='lat' dir='ltr'><strong>latet</strong></span> <span class='ocrx_word' id='word_1_345' title='bbox 471 4053 543 4154; x_wconf 92' lang='lat' dir='ltr'><strong>quis</strong></span> <span class='ocrx_word' id='word_1_346' title='bbox 561 4053 603 4124; x_wconf 91' lang='lat' dir='ltr'><strong>sis</strong></span> <span class='ocrx_word' id='word_1_347' title='bbox 620 4066 652 4125; x_wconf 89' lang='lat' dir='ltr'><strong>et</strong></span> <span class='ocrx_word' id='word_1_348' title='bbox 664 4053 752 4126; x_wconf 90' lang='lat' dir='ltr'><strong>unde</strong></span> <span class='ocrx_word' id='word_1_349' title='bbox 765 4053 910 4126; x_wconf 88' lang='lat' dir='ltr'><strong>veneris?</strong></span> <span class='ocrx_word' id='word_1_350' title='bbox 922 4052 1103 4152; x_wconf 91' lang='lat' dir='ltr'><strong>Numquid,</strong></span> <span class='ocrx_word' id='word_1_351' title='bbox 1121 4052 1214 4153; x_wconf 90' lang='lat' dir='ltr'><strong>quia,</strong></span> <span class='ocrx_word' id='word_1_352' title='bbox 1228 4063 1361 4150; x_wconf 92' lang='lat' dir='ltr'><strong>propter</strong></span> <span class='ocrx_word' id='word_1_353' title='bbox 1376 4077 1445 4133; x_wconf 91' lang='lat' dir='ltr'><strong>me,</strong></span> <span class='ocrx_word' id='word_1_354' title='bbox 1464 4048 1664 4147; x_wconf 88' lang='lat' dir='ltr'><strong>assumpsisti</strong></span> <span class='ocrx_word' id='word_1_355' title='bbox 1681 4047 1787 4119; x_wconf 91' lang='lat' dir='ltr'><strong>homi-</strong></span> 
     </span>
     <span class='ocr_line' id='line_1_30' title="bbox 213 4167 1786 4275; baseline -0.005 -27"><span class='ocrx_word' id='word_1_356' title='bbox 213 4201 288 4248; x_wconf 91' lang='lat' dir='ltr'><strong>uem</strong></span> <span class='ocrx_word' id='word_1_357' title='bbox 309 4201 347 4247; x_wconf 83' lang='lat' dir='ltr'><strong>ex</strong></span> <span class='ocrx_word' id='word_1_358' title='bbox 367 4175 583 4275; x_wconf 86' lang='lat' dir='ltr'><strong>plasmatione</strong></span> <span class='ocrx_word' id='word_1_359' title='bbox 605 4201 693 4260; x_wconf 91' lang='lat' dir='ltr'><strong>mea,</strong></span> <span class='ocrx_word' id='word_1_360' title='bbox 710 4174 836 4272; x_wconf 89' lang='lat' dir='ltr'><strong>negabo</strong></span> <span class='ocrx_word' id='word_1_361' title='bbox 854 4200 915 4272; x_wconf 89' lang='lat' dir='ltr'><strong>ego</strong></span> <span class='ocrx_word' id='word_1_362' title='bbox 933 4173 1109 4245; x_wconf 90' lang='lat' dir='ltr'><strong>divinitatis</strong></span> <span class='ocrx_word' id='word_1_363' title='bbox 1128 4187 1191 4245; x_wconf 84' lang='lat' dir='ltr'><strong>tuae</strong></span> <span class='ocrx_word' id='word_1_364' title='bbox 1215 4169 1495 4270; x_wconf 78' lang='lat' dir='ltr'><strong>magnitudinem?</strong></span> <span class='ocrx_word' id='word_1_365' title='bbox 1507 4170 1572 4254; x_wconf 83' lang='lat' dir='ltr'><strong>dn,</strong></span> <span class='ocrx_word' id='word_1_366' title='bbox 1590 4169 1667 4268; x_wconf 89' lang='lat' dir='ltr'><strong>quia</strong></span> <span class='ocrx_word' id='word_1_367' title='bbox 1689 4167 1735 4240; x_wconf 90' lang='lat' dir='ltr'><strong>ita</strong></span> <span class='ocrx_word' id='word_1_368' title='bbox 1754 4180 1786 4240; x_wconf 87' lang='lat' dir='ltr'><strong>te</strong></span> 
     </span>
     <span class='ocr_line' id='line_1_31' title="bbox 211 4289 1787 4396; baseline -0.004 -30"><span class='ocrx_word' id='word_1_369' title='bbox 211 4295 384 4380; x_wconf 86' lang='lat' dir='ltr'><strong>demisisti,</strong></span> <span class='ocrx_word' id='word_1_370' title='bbox 398 4308 451 4381; x_wconf 90' lang='lat' dir='ltr'><strong>ut,</strong></span> <span class='ocrx_word' id='word_1_371' title='bbox 465 4309 625 4396; x_wconf 88' lang='lat' dir='ltr'><strong>quantum</strong></span> <span class='ocrx_word' id='word_1_372' title='bbox 640 4295 711 4368; x_wconf 86' lang='lat' dir='ltr'><strong>fieri</strong></span> <span class='ocrx_word' id='word_1_373' title='bbox 728 4308 849 4394; x_wconf 90' lang='lat' dir='ltr'><strong>potest,</strong></span> <span class='ocrx_word' id='word_1_374' title='bbox 864 4293 905 4366; x_wconf 86' lang='lat' dir='ltr'><strong>ed</strong></span> <span class='ocrx_word' id='word_1_375' title='bbox 924 4307 954 4372; x_wconf 86' lang='lat' dir='ltr'><strong>te</strong></span> <span class='ocrx_word' id='word_1_376' title='bbox 972 4321 1106 4394; x_wconf 91' lang='lat' dir='ltr'><strong>corpore</strong></span> <span class='ocrx_word' id='word_1_377' title='bbox 1122 4293 1323 4378; x_wconf 85' lang='lat' dir='ltr'><strong>accederem,</strong></span> <span class='ocrx_word' id='word_1_378' title='bbox 1338 4305 1370 4364; x_wconf 89' lang='lat' dir='ltr'><strong>et</strong></span> <span class='ocrx_word' id='word_1_379' title='bbox 1385 4305 1422 4364; x_wconf 94' lang='lat' dir='ltr'><strong>ut</strong></span> <span class='ocrx_word' id='word_1_380' title='bbox 1439 4318 1491 4364; x_wconf 90' lang='lat' dir='ltr'><strong>me</strong></span> <span class='ocrx_word' id='word_1_381' title='bbox 1506 4303 1627 4372; x_wconf 86' lang='lat' dir='ltr'><strong>toturn,</strong></span> <span class='ocrx_word' id='word_1_382' title='bbox 1644 4289 1684 4361; x_wconf 86' lang='lat' dir='ltr'><strong>ad</strong></span> <span class='ocrx_word' id='word_1_383' title='bbox 1703 4289 1787 4360; x_wconf 91' lang='lat' dir='ltr'><strong>libe-</strong></span> 
     </span>
     <span class='ocr_line' id='line_1_32' title="bbox 211 4411 1786 4515; baseline -0.004 -27"><span class='ocrx_word' id='word_1_384' title='bbox 211 4415 352 4488; x_wconf 90' lang='lat' dir='ltr'><strong>randum</strong></span> <span class='ocrx_word' id='word_1_385' title='bbox 372 4443 483 4490; x_wconf 90' lang='lat' dir='ltr'><strong>omnes</strong></span> <span class='ocrx_word' id='word_1_386' title='bbox 505 4417 670 4500; x_wconf 90' lang='lat' dir='ltr'><strong>homines,</strong></span> <span class='ocrx_word' id='word_1_387' title='bbox 689 4416 723 4488; x_wconf 91' lang='lat' dir='ltr'><strong>in</strong></span> <span class='ocrx_word' id='word_1_388' title='bbox 744 4429 775 4488; x_wconf 88' lang='lat' dir='ltr'><strong>te</strong></span> <span class='ocrx_word' id='word_1_389' title='bbox 798 4416 967 4498; x_wconf 89' lang='lat' dir='ltr'><strong>indueres,</strong></span> <span class='ocrx_word' id='word_1_390' title='bbox 984 4443 1061 4514; x_wconf 87' lang='lat' dir='ltr'><strong>ego,</strong></span> <span class='ocrx_word' id='word_1_391' title='bbox 1078 4415 1120 4488; x_wconf 91' lang='lat' dir='ltr'><strong>ob</strong></span> <span class='ocrx_word' id='word_1_392' title='bbox 1139 4441 1256 4514; x_wconf 87' lang='lat' dir='ltr'><strong>corpus</strong></span> <span class='ocrx_word' id='word_1_393' title='bbox 1278 4413 1366 4515; x_wconf 91' lang='lat' dir='ltr'><strong>quod</strong></span> <span class='ocrx_word' id='word_1_394' title='bbox 1385 4413 1527 4486; x_wconf 89' lang='lat' dir='ltr'><strong>cernitur</strong></span> <span class='ocrx_word' id='word_1_395' title='bbox 1548 4425 1656 4495; x_wconf 88' lang='lat' dir='ltr'><strong>tuum,</strong></span> <span class='ocrx_word' id='word_1_396' title='bbox 1675 4411 1786 4509; x_wconf 93' lang='lat' dir='ltr'><strong>despi-</strong></span> 
     </span>
     <span class='ocr_line' id='line_1_33' title="bbox 211 4531 1786 4638; baseline -0.005 -27"><span class='ocrx_word' id='word_1_397' title='bbox 211 4539 294 4611; x_wconf 89' lang='lat' dir='ltr'><strong>ciam</strong></span> <span class='ocrx_word' id='word_1_398' title='bbox 318 4537 510 4611; x_wconf 78' lang='lat' dir='ltr'><strong>invisibilem</strong></span> <span class='ocrx_word' id='word_1_399' title='bbox 529 4540 730 4637; x_wconf 85' lang='lat' dir='ltr'><strong>mnjestatom</strong></span> <span class='ocrx_word' id='word_1_400' title='bbox 754 4537 865 4610; x_wconf 90' lang='lat' dir='ltr'><strong>tuam?</strong></span> <span class='ocrx_word' id='word_1_401' title='bbox 882 4537 948 4620; x_wconf 84' lang='lat' dir='ltr'><strong>dn,</strong></span> <span class='ocrx_word' id='word_1_402' title='bbox 968 4531 1065 4637; x_wconf 70' lang='lat' dir='ltr'><strong>q&#39;uia,</strong></span> <span class='ocrx_word' id='word_1_403' title='bbox 1080 4550 1214 4638; x_wconf 91' lang='lat' dir='ltr'><strong>propter</strong></span> <span class='ocrx_word' id='word_1_404' title='bbox 1235 4537 1371 4608; x_wconf 89' lang='lat' dir='ltr'><strong>salutem</strong></span> <span class='ocrx_word' id='word_1_405' title='bbox 1396 4561 1518 4618; x_wconf 90' lang='lat' dir='ltr'><strong>meam,</strong></span> <span class='ocrx_word' id='word_1_406' title='bbox 1540 4558 1629 4606; x_wconf 89' lang='lat' dir='ltr'><strong>meas</strong></span> <span class='ocrx_word' id='word_1_407' title='bbox 1650 4531 1786 4605; x_wconf 89' lang='lat' dir='ltr'><strong>induisti</strong></span> 
     </span>
     <span class='ocr_line' id='line_1_34' title="bbox 210 4653 1783 4760; baseline -0.004 -29"><span class='ocrx_word' id='word_1_408' title='bbox 210 4659 403 4760; x_wconf 68' lang='lat' dir='ltr'><strong>primitiosl,</strong></span> <span class='ocrx_word' id='word_1_409' title='bbox 422 4657 578 4756; x_wconf 88' lang='lat' dir='ltr'><strong>ignorabo</strong></span> <span class='ocrx_word' id='word_1_410' title='bbox 597 4671 627 4730; x_wconf 88' lang='lat' dir='ltr'><strong>te</strong></span> <span class='ocrx_word' id='word_1_411' title='bbox 642 4658 767 4730; x_wconf 88' lang='lat' dir='ltr'><strong>lumine</strong></span> <span class='ocrx_word' id='word_1_412' title='bbox 789 4657 871 4730; x_wconf 90' lang='lat' dir='ltr'><strong>sicut</strong></span> <span class='ocrx_word' id='word_1_413' title='bbox 891 4656 989 4758; x_wconf 90' lang='lat' dir='ltr'><strong>pallio</strong></span> <span class='ocrx_word' id='word_1_414' title='bbox 1010 4656 1104 4728; x_wconf 93' lang='lat' dir='ltr'><strong>indui</strong></span> <span class='ocrx_word' id='word_1_415' title='bbox 1123 4671 1155 4728; x_wconf 90' lang='lat' dir='ltr'><strong>et</strong></span> <span class='ocrx_word' id='word_1_416' title='bbox 1176 4656 1355 4754; x_wconf 73' lang='lat' dir='ltr'><strong>cooperiri?</strong></span> <span class='ocrx_word' id='word_1_417' title='bbox 1369 4657 1433 4740; x_wconf 83' lang='lat' dir='ltr'><strong>dn,</strong></span> <span class='ocrx_word' id='word_1_418' title='bbox 1452 4653 1607 4755; x_wconf 90' lang='lat' dir='ltr'><strong>quoniam</strong></span> <span class='ocrx_word' id='word_1_419' title='bbox 1631 4653 1710 4726; x_wconf 91' lang='lat' dir='ltr'><strong>mihi</strong></span> <span class='ocrx_word' id='word_1_420' title='bbox 1733 4678 1783 4725; x_wconf 91' lang='lat' dir='ltr'><strong>co·</strong></span> 
     </span>
     <span class='ocr_line' id='line_1_35' title="bbox 211 4774 1784 4881; baseline -0.005 -29"><span class='ocrx_word' id='word_1_421' title='bbox 211 4792 309 4879; x_wconf 83' lang='lat' dir='ltr'><strong>gnata</strong></span> <span class='ocrx_word' id='word_1_422' title='bbox 329 4779 464 4852; x_wconf 89' lang='lat' dir='ltr'><strong>indutus</strong></span> <span class='ocrx_word' id='word_1_423' title='bbox 474 4807 570 4852; x_wconf 89' lang='lat' dir='ltr'><strong>carne</strong></span> <span class='ocrx_word' id='word_1_424' title='bbox 584 4779 838 4881; x_wconf 89' lang='lat' dir='ltr'><strong>hominibusque</strong></span> <span class='ocrx_word' id='word_1_425' title='bbox 851 4779 1044 4880; x_wconf 86' lang='lat' dir='ltr'><strong>conspicuus</strong></span> <span class='ocrx_word' id='word_1_426' title='bbox 1060 4803 1212 4876; x_wconf 87' lang='lat' dir='ltr'><strong>appares,</strong></span> <span class='ocrx_word' id='word_1_427' title='bbox 1225 4791 1262 4849; x_wconf 90' lang='lat' dir='ltr'><strong>ut</strong></span> <span class='ocrx_word' id='word_1_428' title='bbox 1276 4777 1339 4876; x_wconf 92' lang='lat' dir='ltr'><strong>ipsi</strong></span> <span class='ocrx_word' id='word_1_429' title='bbox 1357 4776 1418 4849; x_wconf 88' lang='lat' dir='ltr'><strong>tibi</strong></span> <span class='ocrx_word' id='word_1_430' title='bbox 1432 4775 1562 4848; x_wconf 88' lang='lat' dir='ltr'><strong>credere</strong></span> <span class='ocrx_word' id='word_1_431' title='bbox 1574 4774 1714 4875; x_wconf 92' lang='lat' dir='ltr'><strong>possint,</strong></span> <span class='ocrx_word' id='word_1_432' title='bbox 1731 4799 1784 4845; x_wconf 89' lang='lat' dir='ltr'><strong>me</strong></span> 
     </span>
     <span class='ocr_line' id='line_1_36' title="bbox 209 4895 1787 5000; baseline -0.005 -26"><span class='ocrx_word' id='word_1_433' title='bbox 209 4900 377 5000; x_wconf 87' lang='lat' dir='ltr'><strong>fulgurum</strong></span> <span class='ocrx_word' id='word_1_434' title='bbox 395 4913 526 4976; x_wconf 86' lang='lat' dir='ltr'><strong>tuorum</strong></span> <span class='ocrx_word' id='word_1_435' title='bbox 542 4900 596 4974; x_wconf 84' lang='lat' dir='ltr'><strong>lux</strong></span> <span class='ocrx_word' id='word_1_436' title='bbox 610 4901 727 4974; x_wconf 87' lang='lat' dir='ltr'><strong>lateat?</strong></span> <span class='ocrx_word' id='word_1_437' title='bbox 739 4902 805 4988; x_wconf 82' lang='lat' dir='ltr'><strong>dn,</strong></span> <span class='ocrx_word' id='word_1_438' title='bbox 825 4929 930 4974; x_wconf 89' lang='lat' dir='ltr'><strong>meam</strong></span> <span class='ocrx_word' id='word_1_439' title='bbox 948 4901 1028 4972; x_wconf 90' lang='lat' dir='ltr'><strong>inte</strong></span> <span class='ocrx_word' id='word_1_440' title='bbox 1046 4925 1175 4972; x_wconf 88' lang='lat' dir='ltr'><strong>carnem</strong></span> <span class='ocrx_word' id='word_1_441' title='bbox 1200 4899 1359 4984; x_wconf 87' lang='lat' dir='ltr'><strong>lormans,</strong></span> <span class='ocrx_word' id='word_1_442' title='bbox 1376 4912 1464 4970; x_wconf 90' lang='lat' dir='ltr'><strong>tuam</strong></span> <span class='ocrx_word' id='word_1_443' title='bbox 1479 4897 1621 4969; x_wconf 89' lang='lat' dir='ltr'><strong>divinam</strong></span> <span class='ocrx_word' id='word_1_444' title='bbox 1638 4895 1787 4968; x_wconf 90' lang='lat' dir='ltr'><strong>invisibi-</strong></span> 
     </span>
    </p>
   </div>
   <div class='ocr_carea' id='block_1_4' title="bbox 210 5144 1783 5316">
    <p class='ocr_par' dir='ltr' id='par_1_4' title="bbox 210 5144 1783 5316">
     <span class='ocr_line' id='line_1_37' title="bbox 246 5144 1783 5229; baseline -0.007 -21"><span class='ocrx_word' id='word_1_445' title='bbox 246 5155 255 5188; x_wconf 87' lang='lat'><strong>¹</strong></span> <span class='ocrx_word' id='word_1_446' title='bbox 275 5152 375 5208; x_wconf 64' lang='grc' dir='ltr'><strong>θηται</strong></span> <span class='ocrx_word' id='word_1_447' title='bbox 384 5154 547 5229; x_wconf 79' lang='lat' dir='ltr'><strong>tertuapaulo</strong></span> <span class='ocrx_word' id='word_1_448' title='bbox 558 5155 665 5210; x_wconf 77' lang='lat' dir='ltr'><strong>aliterue</strong></span> <span class='ocrx_word' id='word_1_449' title='bbox 678 5154 768 5208; x_wconf 81' lang='lat' dir='ltr'><strong>babet:</strong></span> <span class='ocrx_word' id='word_1_450' title='bbox 781 5152 902 5226; x_wconf 66' lang='grc' dir='ltr'><strong>μακάριος</strong></span> <span class='ocrx_word' id='word_1_451' title='bbox 911 5151 962 5224; x_wconf 70' lang='grc' dir='ltr'><strong>γὰρ</strong></span> <span class='ocrx_word' id='word_1_452' title='bbox 977 5152 992 5202; x_wconf 81' lang='lat' dir='ltr'><strong>d</strong></span> <span class='ocrx_word' id='word_1_453' title='bbox 1007 5147 1148 5204; x_wconf 70' lang='grc' dir='ltr'><strong><em>συνοδεύων</em></strong></span> <span class='ocrx_word' id='word_1_454' title='bbox 1165 5157 1196 5221; x_wconf 72' lang='grc' dir='ltr'><strong>τῇ</strong></span> <span class='ocrx_word' id='word_1_455' title='bbox 1212 5147 1263 5218; x_wconf 73' lang='grc' dir='ltr'><strong>ὀδῷ</strong></span> <span class='ocrx_word' id='word_1_456' title='bbox 1276 5157 1320 5208; x_wconf 72' lang='grc' dir='ltr'><strong>τῆς</strong></span> <span class='ocrx_word' id='word_1_457' title='bbox 1334 5147 1404 5209; x_wconf 67' lang='lat' dir='ltr'><strong>(ons.</strong></span> <span class='ocrx_word' id='word_1_458' title='bbox 1423 5147 1531 5202; x_wconf 68' lang='lat' dir='ltr'><strong>«Restm</strong></span> <span class='ocrx_word' id='word_1_459' title='bbox 1545 5146 1612 5202; x_wconf 87' lang='lat' dir='ltr'><strong>enim</strong></span> <span class='ocrx_word' id='word_1_460' title='bbox 1629 5153 1669 5201; x_wconf 80' lang='lat' dir='ltr'><strong>ost</strong></span> <span class='ocrx_word' id='word_1_461' title='bbox 1684 5145 1726 5201; x_wconf 84' lang='lat' dir='ltr'><strong>ills</strong></span> <span class='ocrx_word' id='word_1_462' title='bbox 1738 5144 1783 5219; x_wconf 85' lang='lat' dir='ltr'><strong>qni</strong></span> 
     </span>
     <span class='ocr_line' id='line_1_38' title="bbox 210 5237 1782 5316; baseline -0.006 -15"><span class='ocrx_word' id='word_1_463' title='bbox 210 5247 538 5304; x_wconf 74' lang='lat' dir='ltr'><strong>siterlacitcumviavitm.s</strong></span> <span class='ocrx_word' id='word_1_464' title='bbox 548 5252 602 5292; x_wconf 74' lang='lat'><strong>-·-¹</strong></span> <span class='ocrx_word' id='word_1_465' title='bbox 623 5246 698 5302; x_wconf 64' lang='lat' dir='ltr'><strong>Maus.</strong></span> <span class='ocrx_word' id='word_1_466' title='bbox 714 5265 756 5307; x_wconf 85' lang='lat' dir='ltr'><strong>vn,</strong></span> <span class='ocrx_word' id='word_1_467' title='bbox 766 5247 856 5301; x_wconf 77' lang='lat'><strong>3.-⁸</strong></span> <span class='ocrx_word' id='word_1_468' title='bbox 876 5244 912 5299; x_wconf 78' lang='lat' dir='ltr'><strong>td</strong></span> <span class='ocrx_word' id='word_1_469' title='bbox 925 5244 1030 5300; x_wconf 82' lang='lat' dir='ltr'><strong>litterum</strong></span> <span class='ocrx_word' id='word_1_470' title='bbox 1045 5263 1071 5298; x_wconf 77' lang='lat' dir='ltr'><strong>aa</strong></span> <span class='ocrx_word' id='word_1_471' title='bbox 1084 5243 1240 5316; x_wconf 75' lang='lat' dir='ltr'><strong>signat-⁸</strong></span> <span class='ocrx_word' id='word_1_472' title='bbox 1260 5241 1345 5297; x_wconf 75' lang='lat' dir='ltr'><strong>loanrr.</strong></span> <span class='ocrx_word' id='word_1_473' title='bbox 1358 5261 1385 5307; x_wconf 71' lang='grc' dir='ltr'><strong>ις</strong></span> <span class='ocrx_word' id='word_1_474' title='bbox 1401 5241 1459 5297; x_wconf 78' lang='lat' dir='ltr'><strong>Luc.</strong></span> <span class='ocrx_word' id='word_1_475' title='bbox 1471 5260 1507 5296; x_wconf 82' lang='lat' dir='ltr'><strong>xv.</strong></span> <span class='ocrx_word' id='word_1_476' title='bbox 1518 5244 1574 5282; x_wconf 83' lang='lat'><strong>—-⁸</strong></span> <span class='ocrx_word' id='word_1_477' title='bbox 1594 5237 1671 5294; x_wconf 75' lang='lat' dir='ltr'><strong>Most.</strong></span> <span class='ocrx_word' id='word_1_478' title='bbox 1685 5257 1726 5294; x_wconf 83' lang='lat' dir='ltr'><strong>ru.</strong></span> <span class='ocrx_word' id='word_1_479' title='bbox 1741 5240 1782 5293; x_wconf 81' lang='lat' dir='ltr'><strong>vl.</strong></span> 
     </span>
    </p>
   </div>
   <div class='ocr_carea' id='block_1_5' title="bbox 210 5340 464 5414">
    <p class='ocr_par' dir='ltr' id='par_1_5' title="bbox 210 5340 464 5414">
     <span class='ocr_line' id='line_1_39' title="bbox 210 5340 464 5414; baseline 0.004 -19"><span class='ocrx_word' id='word_1_480' title='bbox 210 5343 269 5382; x_wconf 81' lang='lat'><strong>-‘</strong></span> <span class='ocrx_word' id='word_1_481' title='bbox 283 5340 325 5395; x_wconf 89' lang='lat' dir='ltr'><strong>Gr.</strong></span> <span class='ocrx_word' id='word_1_482' title='bbox 339 5341 464 5414; x_wconf 67' lang='grc' dir='ltr'><strong>ἀπαρχήν.</strong></span> 
     </span>
    </p>
   </div>
   <div class='ocr_carea' id='block_1_6' title="bbox 0 0 2008 6098">
    <p class='ocr_par' dir='ltr' id='par_1_6' title="bbox 0 0 2008 6098">
     <span class='ocr_line' id='line_1_40' title="bbox 0 0 2008 6098; baseline 0 4"><span class='ocrx_word' id='word_1_483' title='bbox 0 0 2008 6098; x_wconf 95' lang='lat' dir='ltr'><strong> </strong></span> 
     </span>
    </p>
   </div>
  </div>
 </body>
</html>
