3980 6084
701 552 954 620 ίΣΟΝΟΙΜΙΙΜ
982 552 1207 620 NlCAENUll.
1670 555 1735 619 u55

169 704 354 803 episcopus,
372 701 422 774 vel
441 701 605 786 sacerdos,
623 701 672 774 vel
689 702 858 784 diaeonus,
879 702 927 774 vel
944 703 1105 802 quispiam
1124 701 1164 773 de
1182 701 1265 774 clero
1289 701 1388 800 possit
1404 699 1525 773 bebere
1547 701 1735 773 mulierem¹

169 851 241 898 cum
271 850 310 896 eo
335 823 554 906 habitantem,
579 837 694 922 preter
722 837 874 905 matrem,
900 836 957 896 aut
984 850 1144 906 sororem,
1167 835 1225 894 aut
1251 821 1400 903 amitam,
1426 835 1483 893 aut
1515 835 1736 910 materteram

170 945 317 1027 demum,
339 956 455 1044 praeter
471 943 543 1016 illas
558 970 712 1042 personas
729 969 801 1043 quae
819 944 898 1016 eitra
920 943 1100 1044 quamlibet
1113 943 1327 1042 suspicionem
1347 942 1496 1015 existunt.

222 1111 273 1182 lV.
302 1109 348 1182 Dc
363 1110 575 1182 consecratione
586 1109 794 1210 episcoporum.
806 1155 857 1166 —
873 1111 1008 1212 Oportet
1026 1125 1062 1182 ut
1077 1111 1245 1210 episcopus
1262 1109 1455 1210 plerumque
1473 1109 1684 1182 constituatur
1697 1107 1738 1180 ab

171 1231 328 1334 episcopis
353 1232 523 1330 provinciae
543 1261 551 1302 ε
574 1231 661 1331 quod
685 1232 712 1302 si
733 1232 777 1304 ita
800 1259 867 1304 esse
890 1259 957 1303 non
981 1232 1098 1332 possit,
1119 1231 1167 1302 vel
1190 1230 1267 1330 quia
1295 1231 1465 1302 necessitas
1490 1244 1598 1328 urget,
1621 1230 1670 1302 vel
1698 1231 1740 1302 ob

171 1351 408 1450 longitudinem
426 1351 593 1436 itinerum,
610 1351 742 1423 omnino
761 1378 890 1423 necesse
905 1365 952 1423 est
970 1364 1006 1422 ut
1018 1365 1081 1423 tres
1099 1351 1285 1423 adunentur
1302 1350 1443 1451 episcopi
1464 1364 1582 1423 etcum
1605 1351 1665 1432 eis,
1682 1378 1740 1450 per

172 1473 311 1556 litteras,
334 1471 382 1542 illi
405 1472 462 1572 qui
484 1485 559 1546 sunt
576 1471 692 1544 remoti
713 1472 902 1545 electionem
916 1471 1116 1545 concorditer
1130 1472 1259 1544 iaciant.
1276 1471 1367 1544 Tunc
1392 1471 1586 1544 consecratio
1608 1473 1740 1572 peragi-

173 1609 226 1667 tur
241 1594 273 1664 in
294 1593 438 1692 qualibet
450 1592 630 1692 provincia,
649 1592 706 1664 sed
728 1593 928 1666 confirmatio
948 1620 1060 1667 eorum
1079 1619 1151 1693 qua
1170 1607 1239 1666 acta
1261 1607 1338 1665 sunt
1354 1592 1493 1692 pertinet
1512 1592 1554 1664 ad
1575 1605 1740 1692 metropo-

172 1716 272 1788 litam.
1747 1727 1749 1732 ’

224 1891 260 1962 V.
289 1890 469 1989 Deilliaqur'
483 1891 665 1990 rqrelluntur
686 1891 930 1963 oconrmnnione.
946 1935 998 1948 --
1020 1891 1130 1963 Relate
1152 1891 1194 1963 ad
1216 1917 1271 1962 eos
1290 1893 1347 1991 qui
1368 1891 1684 1963 excommunicantur
1701 1891 1741 1961 ab

172 2012 321 2112 episcopo
339 2011 372 2083 in
386 2011 531 2111 qualibet
547 2012 727 2112 provincia,
745 2012 809 2084 sive
831 2013 1015 2111 pertineant
1034 2012 1076 2083 ad
1098 2012 1235 2094 clerum,
1261 2013 1325 2084 sive
1349 2011 1532 2111 pertineant
1559 2012 1601 2084 ad
1623 2024 1741 2083 statura

172 2133 334 2216 laicalem,
346 2132 449 2204 valeat
466 2147 502 2205 ut
517 2161 620 2205 canon
635 2134 793 2206 sententia
804 2135 893 2231 juxto
910 2160 1008 2233 quam
1024 2134 1078 2206 ille
1093 2133 1151 2233 qui
1167 2133 1208 2204 ab
1226 2161 1292 2204 uno
1312 2135 1430 2232 ejectus
1444 2146 1491 2204 est
1506 2134 1547 2204 ab
1560 2133 1659 2204 altero
1676 2159 1741 2203 non

172 2253 353 2353 recipiatur.
374 2253 560 2352 inquiretur
574 2267 682 2325 tamen
702 2281 743 2325 an
759 2254 1066 2338 excommunicatus,
1078 2254 1126 2326 vel
1143 2281 1179 2325 ex
1196 2252 1477 2354 pusillanimitate,
1491 2252 1540 2325 vel
1554 2279 1589 2324 ex
1606 2265 1742 2324 conten-

174 2373 277 2456 tione,
289 2371 338 2444 vel
360 2400 396 2445 er
416 2374 605 2459 acerbitate,
620 2388 676 2447 eut
692 2374 789 2446 simili
805 2401 916 2457 causo,
932 2375 973 2446 ab
994 2375 1143 2475 episcopo
1157 2375 1198 2447 de
1212 2373 1351 2447 Ecclesia
1368 2374 1486 2470 ejectus
1502 2373 1608 2444 luerit.
1630 2373 1670 2445 Ut
1691 2398 1743 2442 res

172 2494 360 2593 hujusmodi
378 2496 578 2570 convenienti
596 2497 740 2568 examine
764 2495 973 2596 disquiratur,
995 2493 1108 2598 (229)
1130 2496 1252 2597 placuit
1271 2507 1308 2567 ut
1327 2495 1378 2566 bis
1398 2494 1587 2594 quotannis,
1608 2493 1642 2564 in
1663 2519 1743 2592 qua-

173 2614 251 2687 libet
266 2615 444 2715 prorincia,
461 2614 602 2715 synodus
615 2616 792 2700 adunetur,
805 2643 843 2688 co
854 2617 920 2688 bne
932 2628 983 2700 ut,
1003 2616 1154 2688 omnibus
1168 2615 1340 2716 prouinciae
1355 2614 1512 2714 episcopis
1526 2612 1742 2711 congregatis,

174 2737 253 2808 tales
270 2737 463 2836 questiones
483 2749 515 2808 et
534 2737 773 2838 disquisitiones
797 2738 928 2838 proprio
949 2738 1093 2810 examine
1111 2736 1290 2821 donentur3
1316 2747 1348 2807 ct
1369 2735 1427 2836 qui
1449 2734 1585 2807 confessi
1602 2733 1651 2806 uel
1667 2759 1745 2804 eon·

150 2871 153 2876 '
173 2857 245 2929 uicti
260 2858 381 2929 luerint
398 2859 584 2959 episcopum
599 2859 757 2958 zelotypia
778 2859 941 2956 prosecuti
957 2859 1072 2942 luisse,
1088 2857 1129 2929 ab
1149 2857 1301 2928 omnibus
1324 2855 1482 2955 episcopis
1505 2867 1541 2926 ut
1562 2880 1747 2926 excommu-

174 2978 270 3050 nicati
294 2977 513 3062 habebuntur,
537 2979 656 3060 donee,
672 2978 722 3051 vel
743 2977 883 3076 synodo,
899 2977 948 3049 vel
964 2979 1113 3078 episcopo
1135 2975 1295 3075 placuerit
1310 2975 1390 3057 illis,
1405 2973 1616 3047 humanitatis
1633 3001 1745 3056 causa,

174 3098 333 3198 impertiri
348 3099 497 3196 gratiam.
517 3097 574 3170 Hae
594 3112 702 3170 autem
731 3097 847 3196 synodi
870 3097 1066 3181 adunentur,
1088 3123 1152 3168 una
1175 3109 1249 3167 ante
1267 3095 1429 3194 jejunium
1450 3093 1745 3194 quadragesimale,

177 3232 227 3302 ut,
251 3219 339 3290 omni
359 3217 491 3318 querela
517 3233 549 3291 et
575 3245 708 3290 rancore
729 3217 770 3290 de
793 3217 899 3289 medio
930 3217 1080 3302 sublatis,
1109 3242 1192 3316 pura
1214 3215 1282 3288 Deo
1309 3215 1462 3286 olleratur
1486 3213 1623 3298 oblatio;
1647 3212 1748 3285 altera

177 3351 284 3410 autom
300 3339 383 3448 circa
400 3366 543 3411 mensem
560 3339 698 3413 octobris
714 3339 821 3410 locum
836 3338 966 3411 babeat.

229 3509 281 3580 Vl.
310 3508 354 3580 De
373 3508 509 3608 primatu
531 3507 649 3580 bononis
671 3507 802 3579 urbium.
822 3551 875 3564 —
900 3507 1048 3607 Antiquae
1070 3507 1200 3606 vigeant
1224 3503 1473 3592 eonsuetudines
1501 3529 1574 3602 quas
1604 3514 1681 3574 sunt
1713 3500 1747 3570 in

177 3631 327 3729 AEgypto,
345 3629 443 3727 Libya
459 3642 491 3700 et
509 3627 693 3728 Pentapoli,
711 3641 748 3700 ut
765 3629 913 3728 episcopo
934 3628 1149 3700 Alexandrino
1167 3653 1265 3727 super
1282 3651 1393 3697 omncs
1409 3624 1487 3696 istas
1506 3619 1692 3724 (regiones)
1709 3619 1749 3692 sit

179 3749 368 3834 auctoritas3
388 3749 462 3849 quia
483 3776 582 3850 penes
605 3749 701 3821 etiam
720 3750 907 3850 episcopum
930 3749 1039 3822 Romae
1062 3749 1260 3821 consuetudo
1280 3745 1349 3818 haec
1368 3757 1431 3828 est,
1455 3756 1488 3815 et
1508 3743 1630 3842 pariter
1652 3742 1749 3814 etiam

179 3869 369 3954 Antiochiae,
389 3871 454 3941 imo
475 3887 507 3942 ct
528 3871 561 3942 in
583 3869 653 3942 aliis
671 3871 844 3970 provinciis
861 3871 1048 3944 observetur
1067 3869 1125 3942 in²
1143 3867 1282 3942 ecclesiis
1303 3865 1483 3969 prioritas³.
1501 3862 1644 3938 Omnino
1663 3863 1748 3934 enim

179 3989 268 4088 quod
281 3989 342 4060 luit
353 3991 443 4088 prius
454 4004 567 4062 notum
578 4005 635 4064 est.
648 3991 745 4075 Quod
754 3991 781 4062 si
794 3991 973 4090 quispiam,
988 3990 1110 4091 absque
1126 4015 1283 4062 consensu
1298 3985 1527 4086 metropolitae,
1538 3984 1641 4055 lactus
1654 3983 1750 4055 luerit

180 4110 365 4209 episcopus,
384 4109 522 4183 decrevit
539 4139 656 4208 magna
676 4112 827 4210 Synodus
849 4113 946 4184 talem
968 4137 1034 4184 non
1056 4137 1125 4183 esse
1144 4110 1341 4211 episcopum.
1359 4107 1456 4190 Quod
1474 4105 1517 4189 si,
1536 4103 1690 4176 electione
1709 4101 1749 4174 ab

180 4230 332 4303 omnibus
349 4231 448 4316 lacta,
467 4245 503 4304 ut
521 4233 611 4306 decet
631 4245 663 4304 et
683 4233 862 4304 seeundum
883 4258 1040 4304 canonem
1062 4231 1326 4312 ecclesiasticum,
1348 4228 1414 4300 duo
1437 4239 1494 4298 aut
1517 4240 1596 4310 tres,
1619 4238 1752 4324 propter

181 4379 292 4424 causas
308 4352 369 4422 sibi
384 4353 546 4454 proprias,
566 4353 688 4426 luerint
705 4353 861 4454 oppositi,
880 4351 984 4425 valeat
1000 4351 1159 4425 sententia
1173 4377 1285 4424 eorum
1301 4349 1448 4450 quisunt
1463 4345 1631 4447 plur-imit.

220 4531 226 4560 ¹
248 4527 377 4582 Mulierem
395 4527 556 4581 introductum
579 4528 666 4584 dicunt
686 4529 754 4582 latini
774 4530 867 4584 Patres.
891 4559 929 4569 -

180 4619 310 4674 ’Comitt
318 4621 352 4673 ia.
363 4623 421 4660 -³
433 4619 533 4675 Reddit
541 4622 694 4674 atuaticos.
709 4623 767 4662 —¹
783 4623 820 4677 En
829 4621 930 4676 maenis

182 4711 256 4784 hujus
270 4720 340 4768 tenor
356 4713 426 4784 juxta
442 4713 462 4768 B
479 4720 505 4767 et
518 4714 539 4766 D
554 4735 561 4767 a
581 4713 617 4767 Da
628 4716 787 4786 procedentia
801 4735 855 4792 qun
870 4735 929 4790 pcr-

183 4805 240 4857 tinet
256 4805 290 4858 ud
300 4815 377 4861 emtor
390 4807 503 4860 ciuitates.
516 4837 555 4847 -
566 4807 681 4879 Antiquae
693 4807 791 4883 vigeant
802 4815 932 4863 consuatu-

183 4895 254 4950 dines
275 4897 301 4951 iu
319 4899 436 4972 AEgypto,
457 4897 546 4970 Libya,
564 4906 590 4953 et
609 4900 737 4974 Pentapoli
757 4907 786 4953 ut
802 4901 932 4974 episcopus

183 4988 334 5044 Alexandria
346 4999 493 5063 potestatem
508 4989 599 5046 babeat
615 5009 689 5064 super
703 4989 748 5045 bas
757 5009 857 5052 omnes,
871 5011 932 5064 quo-

184 5080 251 5133 niam
266 5087 291 5134 et
304 5081 420 5156 episcopo
433 5085 518 5138 Roma
531 5085 585 5138 bac
595 5089 633 5139 est
643 5083 800 5138 consuendo
816 5090 841 5138 et
857 5083 931 5138 etiam

184 5171 298 5247 episcopo
322 5174 455 5232 dntiocbiru
481 5178 506 5231 in
529 5177 584 5232 aliia
602 5177 742 5251 prouinciis.
767 5175 932 5232 Praecedentia

218 5327 225 5346 ⁸
243 5323 413 5372 Bcommuat'ter
422 5326 504 5390 ubsque
513 5327 599 5406 tiqentc'o
611 5335 631 5375 et
643 5341 755 5375 cannuca.

1004 4527 1147 4582 obervetur
1162 4527 1228 4582 inter
1241 4525 1373 4601 ‚Ecdeaiea
1391 4525 1445 4578 Hoc
1459 4523 1527 4578 enim
1549 4521 1642 4596 ubique
1665 4528 1752 4575 notum

1004 4629 1049 4676 cat.
1076 4619 1148 4686 Quod
1171 4619 1207 4682 ai,
1230 4619 1343 4692 absque·
1371 4617 1468 4671 licentia
1494 4615 1668 4689 metropolites,
1696 4613 1753 4688 quis

1006 4713 1082 4767 lactus
1093 4713 1169 4768 luerit
1180 4713 1324 4786 episcopus,
1336 4709 1444 4765 decrevit
1458 4707 1572 4782 synodus
1586 4725 1674 4781 magna
1687 4706 1753 4760 bunc

1004 4806 1148 4878 episcopum
1170 4823 1222 4859 nou
1244 4823 1304 4860 essa.
1327 4804 1354 4858 Si
1377 4810 1461 4857 umen
1481 4800 1594 4856 electioni
1617 4799 1649 4853 ab
1670 4797 1753 4854 omni-

1006 4899 1053 4952 bus
1075 4897 1156 4960 lacte,
1175 4904 1204 4952 ut
1223 4896 1306 4960 decet,
1321 4899 1391 4968 juxta
1410 4913 1530 4948 maronem
1551 4892 1753 4955 ecaloeiastimm,

1006 4991 1056 5046 duo
1071 4993 1108 5045 vel
1126 4999 1187 5054 tres,
1206 4989 1239 5044 ob
1255 4989 1438 5044 contentionem
1456 4985 1505 5040 sibi
1522 4985 1663 5060 propriam,
1676 5003 1754 5058 oppo-

1007 5083 1048 5138 siti
1065 5083 1171 5147 suerint,
1186 5081 1263 5137 valeat
1277 5088 1303 5136 et
1315 5079 1476 5136 confirmetur
1492 5079 1613 5134 sententia
1631 5077 1755 5152 plurimo-

1009 5197 1075 5232 rum.
