<?xml version="1.0" encoding="UTF-8"?>
<!DOCTYPE html PUBLIC "-//W3C//DTD XHTML 1.0 Transitional//EN"
    "http://www.w3.org/TR/xhtml1/DTD/xhtml1-transitional.dtd">
<html xmlns="http://www.w3.org/1999/xhtml" xml:lang="en" lang="en">
 <head>
  <title>
</title>
<meta http-equiv="Content-Type" content="text/html;charset=utf-8" />
  <meta name='ocr-system' content='tesseract 3.04.00' />
  <meta name='ocr-capabilities' content='ocr_page ocr_carea ocr_par ocr_line ocrx_word'/>
</head>
<body>
  <div class='ocr_page' id='page_1' title='image "./analectasacrasp03pitrgoog_0360.png"; bbox 0 0 3990 6092; ppageno 0'>
   <div class='ocr_carea' id='block_1_1' title="bbox 693 597 1743 665">
    <p class='ocr_par' dir='ltr' id='par_1_1' title="bbox 693 597 1743 665">
     <span class='ocr_line' id='line_1_1' title="bbox 693 597 1743 665; baseline 0 -2"><span class='ocrx_word' id='word_1_1' title='bbox 693 597 895 665; x_wconf 74' lang='lat' dir='ltr'><strong>SANCTUS</strong></span> <span class='ocrx_word' id='word_1_2' title='bbox 924 597 1224 665; x_wconf 85' lang='lat' dir='ltr'><strong>HIPPOLYTUS.</strong></span> <span class='ocrx_word' id='word_1_3' title='bbox 1537 631 1540 638; x_wconf 86' lang='lat'><strong>.</strong></span> <span class='ocrx_word' id='word_1_4' title='bbox 1676 597 1743 664; x_wconf 84' lang='lat'><strong>313</strong></span> 
     </span>
    </p>
   </div>
   <div class='ocr_carea' id='block_1_2' title="bbox 172 745 1752 2283">
    <p class='ocr_par' dir='ltr' id='par_1_2' title="bbox 172 745 1752 1908">
     <span class='ocr_line' id='line_1_2' title="bbox 172 745 1746 848; baseline 0 -32"><span class='ocrx_word' id='word_1_5' title='bbox 172 759 230 820; x_wconf 75' lang='lat' dir='ltr'><strong>set</strong></span> <span class='ocrx_word' id='word_1_6' title='bbox 251 745 424 820; x_wconf 78' lang='lat' dir='ltr'><strong>edificabis</strong></span> <span class='ocrx_word' id='word_1_7' title='bbox 448 747 600 818; x_wconf 86' lang='lat' dir='ltr'><strong>adversus</strong></span> <span class='ocrx_word' id='word_1_8' title='bbox 623 775 693 818; x_wconf 89' lang='lat' dir='ltr'><strong>eam</strong></span> <span class='ocrx_word' id='word_1_9' title='bbox 717 761 821 820; x_wconf 89' lang='lat' dir='ltr'><strong>turres</strong></span> <span class='ocrx_word' id='word_1_10' title='bbox 844 762 877 820; x_wconf 90' lang='lat' dir='ltr'><strong>et</strong></span> <span class='ocrx_word' id='word_1_11' title='bbox 895 775 997 848; x_wconf 91' lang='lat' dir='ltr'><strong>pones</strong></span> <span class='ocrx_word' id='word_1_12' title='bbox 1021 749 1135 820; x_wconf 89' lang='lat' dir='ltr'><strong>arietes</strong></span> <span class='ocrx_word' id='word_1_13' title='bbox 1160 748 1194 819; x_wconf 89' lang='lat' dir='ltr'><strong>in</strong></span> <span class='ocrx_word' id='word_1_14' title='bbox 1217 752 1355 845; x_wconf 58' lang='lat' dir='ltr'><strong>gyne„</strong></span> <span class='ocrx_word' id='word_1_15' title='bbox 1383 745 1420 817; x_wconf 93' lang='lat' dir='ltr'><strong>ld</strong></span> <span class='ocrx_word' id='word_1_16' title='bbox 1443 758 1505 828; x_wconf 90' lang='lat' dir='ltr'><strong>est,</strong></span> <span class='ocrx_word' id='word_1_17' title='bbox 1529 745 1662 816; x_wconf 87' lang='lat' dir='ltr'><strong>ostende</strong></span> <span class='ocrx_word' id='word_1_18' title='bbox 1683 745 1746 816; x_wconf 88' lang='lat' dir='ltr'><strong>illis</strong></span> 
     </span>
     <span class='ocr_line' id='line_1_3' title="bbox 173 866 1747 969; baseline -0.003 -27"><span class='ocrx_word' id='word_1_19' title='bbox 173 871 428 968; x_wconf 77' lang='lat' dir='ltr'><strong>angustiasque</strong></span> <span class='ocrx_word' id='word_1_20' title='bbox 446 868 510 940; x_wconf 90' lang='lat' dir='ltr'><strong>illis</strong></span> <span class='ocrx_word' id='word_1_21' title='bbox 525 867 721 968; x_wconf 90' lang='lat' dir='ltr'><strong>illorumque</strong></span> <span class='ocrx_word' id='word_1_22' title='bbox 740 869 857 942; x_wconf 90' lang='lat' dir='ltr'><strong>civitati</strong></span> <span class='ocrx_word' id='word_1_23' title='bbox 871 869 1050 941; x_wconf 85' lang='lat' dir='ltr'><strong>Jerusalem</strong></span> <span class='ocrx_word' id='word_1_24' title='bbox 1060 883 1300 969; x_wconf 74' lang='lat' dir='ltr'><strong>superventura¹</strong></span> <span class='ocrx_word' id='word_1_25' title='bbox 1315 881 1406 951; x_wconf 90' lang='lat' dir='ltr'><strong>suut,</strong></span> <span class='ocrx_word' id='word_1_26' title='bbox 1425 867 1558 966; x_wconf 90' lang='lat' dir='ltr'><strong>quando</strong></span> <span class='ocrx_word' id='word_1_27' title='bbox 1576 866 1747 940; x_wconf 84' lang='lat' dir='ltr'><strong>bellatores</strong></span> 
     </span>
     <span class='ocr_line' id='line_1_4' title="bbox 173 989 1748 1090; baseline -0.003 -26"><span class='ocrx_word' id='word_1_28' title='bbox 173 991 245 1064; x_wconf 91' lang='lat' dir='ltr'><strong>illos</strong></span> <span class='ocrx_word' id='word_1_29' title='bbox 262 991 492 1089; x_wconf 73' lang='lat' dir='ltr'>aggredientur</span> <span class='ocrx_word' id='word_1_30' title='bbox 509 1002 541 1062; x_wconf 90' lang='lat' dir='ltr'><strong>et</strong></span> <span class='ocrx_word' id='word_1_31' title='bbox 556 990 802 1089; x_wconf 88' lang='lat' dir='ltr'><strong>oppugnabunt.</strong></span> <span class='ocrx_word' id='word_1_32' title='bbox 824 990 1048 1090; x_wconf 73' lang='lat' dir='ltr'><strong>Quolquoume‘2</strong></span> <span class='ocrx_word' id='word_1_33' title='bbox 1066 1005 1220 1063; x_wconf 89' lang='lat' dir='ltr'><strong>vocantur</strong></span> <span class='ocrx_word' id='word_1_34' title='bbox 1237 990 1322 1061; x_wconf 91' lang='lat' dir='ltr'><strong>muri</strong></span> <span class='ocrx_word' id='word_1_35' title='bbox 1340 989 1412 1074; x_wconf 90' lang='lat' dir='ltr'><strong>alti,</strong></span> <span class='ocrx_word' id='word_1_36' title='bbox 1434 1015 1531 1089; x_wconf 92' lang='lat' dir='ltr'><strong>super</strong></span> <span class='ocrx_word' id='word_1_37' title='bbox 1548 1016 1630 1089; x_wconf 92' lang='lat' dir='ltr'><strong>quos</strong></span> <span class='ocrx_word' id='word_1_38' title='bbox 1644 989 1748 1060; x_wconf 90' lang='lat' dir='ltr'><strong>bella-</strong></span> 
     </span>
     <span class='ocr_line' id='line_1_5' title="bbox 174 1110 1748 1212; baseline -0.002 -27"><span class='ocrx_word' id='word_1_39' title='bbox 174 1127 258 1185; x_wconf 91' lang='lat' dir='ltr'><strong>tores</strong></span> <span class='ocrx_word' id='word_1_40' title='bbox 275 1125 362 1184; x_wconf 89' lang='lat' dir='ltr'><strong>stant</strong></span> <span class='ocrx_word' id='word_1_41' title='bbox 375 1124 411 1183; x_wconf 90' lang='lat' dir='ltr'><strong>ut</strong></span> <span class='ocrx_word' id='word_1_42' title='bbox 428 1139 526 1212; x_wconf 89' lang='lat' dir='ltr'><strong>super</strong></span> <span class='ocrx_word' id='word_1_43' title='bbox 540 1125 660 1195; x_wconf 85' lang='lat' dir='ltr'><strong>turres,</strong></span> <span class='ocrx_word' id='word_1_44' title='bbox 680 1113 757 1184; x_wconf 91' lang='lat' dir='ltr'><strong>inde</strong></span> <span class='ocrx_word' id='word_1_45' title='bbox 775 1112 974 1185; x_wconf 70' lang='lat' dir='ltr'>debellantes</span> <span class='ocrx_word' id='word_1_46' title='bbox 992 1112 1064 1184; x_wconf 92' lang='lat' dir='ltr'><strong>illo&#39;s</strong></span> <span class='ocrx_word' id='word_1_47' title='bbox 1079 1112 1138 1212; x_wconf 91' lang='lat' dir='ltr'><strong>qui</strong></span> <span class='ocrx_word' id='word_1_48' title='bbox 1152 1123 1236 1182; x_wconf 90' lang='lat' dir='ltr'><strong>stant</strong></span> <span class='ocrx_word' id='word_1_49' title='bbox 1251 1137 1349 1210; x_wconf 92' lang='lat' dir='ltr'><strong>super</strong></span> <span class='ocrx_word' id='word_1_50' title='bbox 1366 1137 1491 1192; x_wconf 89' lang='lat' dir='ltr'><strong>muros,</strong></span> <span class='ocrx_word' id='word_1_51' title='bbox 1508 1110 1667 1195; x_wconf 89' lang='lat' dir='ltr'><strong>videntes,</strong></span> <span class='ocrx_word' id='word_1_52' title='bbox 1683 1111 1748 1182; x_wconf 92' lang='lat' dir='ltr'><strong>sive</strong></span> 
     </span>
     <span class='ocr_line' id='line_1_6' title="bbox 174 1229 1748 1333; baseline -0.001 -31"><span class='ocrx_word' id='word_1_53' title='bbox 174 1232 298 1333; x_wconf 90' lang='lat' dir='ltr'><strong>eosqui</strong></span> <span class='ocrx_word' id='word_1_54' title='bbox 314 1245 576 1332; x_wconf 80' lang='lat' dir='ltr'><strong>praesentassent</strong></span> <span class='ocrx_word' id='word_1_55' title='bbox 593 1231 635 1303; x_wconf 93' lang='lat' dir='ltr'><strong>ad</strong></span> <span class='ocrx_word' id='word_1_56' title='bbox 652 1233 786 1314; x_wconf 88' lang='lat' dir='ltr'><strong>moenia,</strong></span> <span class='ocrx_word' id='word_1_57' title='bbox 806 1233 869 1303; x_wconf 91' lang='lat' dir='ltr'><strong>sive</strong></span> <span class='ocrx_word' id='word_1_58' title='bbox 888 1233 1012 1332; x_wconf 91' lang='lat' dir='ltr'><strong>eosqui</strong></span> <span class='ocrx_word' id='word_1_59' title='bbox 1030 1245 1105 1303; x_wconf 92' lang='lat' dir='ltr'><strong>sunt</strong></span> <span class='ocrx_word' id='word_1_60' title='bbox 1122 1231 1154 1303; x_wconf 91' lang='lat' dir='ltr'><strong>in</strong></span> <span class='ocrx_word' id='word_1_61' title='bbox 1172 1229 1395 1316; x_wconf 88' lang='lat' dir='ltr'><strong>interioribus,</strong></span> <span class='ocrx_word' id='word_1_62' title='bbox 1411 1231 1444 1301; x_wconf 92' lang='lat' dir='ltr'><strong>in</strong></span> <span class='ocrx_word' id='word_1_63' title='bbox 1456 1231 1571 1332; x_wconf 80' lang='lat' dir='ltr'><strong>plateis</strong></span> <span class='ocrx_word' id='word_1_64' title='bbox 1589 1245 1621 1301; x_wconf 90' lang='lat' dir='ltr'><strong>et</strong></span> <span class='ocrx_word' id='word_1_65' title='bbox 1634 1231 1668 1304; x_wconf 91' lang='lat' dir='ltr'><strong>in</strong></span> <span class='ocrx_word' id='word_1_66' title='bbox 1687 1230 1748 1302; x_wconf 91' lang='lat' dir='ltr'><strong>ba-</strong></span> 
     </span>
     <span class='ocr_line' id='line_1_7' title="bbox 172 1351 1749 1453; baseline 0 -29"><span class='ocrx_word' id='word_1_67' title='bbox 172 1352 383 1424; x_wconf 85' lang='lat' dir='ltr'><strong>bitationibus</strong></span> <span class='ocrx_word' id='word_1_68' title='bbox 401 1352 545 1425; x_wconf 89' lang='lat' dir='ltr'><strong>civitatis.</strong></span> <span class='ocrx_word' id='word_1_69' title='bbox 562 1353 780 1453; x_wconf 69' lang='lat' dir='ltr'><strong>spiritualiter</strong></span> <span class='ocrx_word' id='word_1_70' title='bbox 795 1367 904 1443; x_wconf 80' lang='lat' dir='ltr'><strong>autem</strong></span> <span class='ocrx_word' id='word_1_71' title='bbox 920 1352 1100 1426; x_wconf 83' lang='lat' dir='ltr'>Jerusalem</span> <span class='ocrx_word' id='word_1_72' title='bbox 1118 1369 1165 1426; x_wconf 92' lang='lat' dir='ltr'><strong>est</strong></span> <span class='ocrx_word' id='word_1_73' title='bbox 1183 1353 1287 1450; x_wconf 88' lang='lat' dir='ltr'><strong>ligura</strong></span> <span class='ocrx_word' id='word_1_74' title='bbox 1305 1351 1420 1424; x_wconf 78' lang='lat' dir='ltr'><strong>animae</strong></span> <span class='ocrx_word' id='word_1_75' title='bbox 1438 1366 1470 1424; x_wconf 93' lang='lat' dir='ltr'><strong>et</strong></span> <span class='ocrx_word' id='word_1_76' title='bbox 1485 1379 1543 1452; x_wconf 87' lang='lat' dir='ltr'><strong>per</strong></span> <span class='ocrx_word' id='word_1_77' title='bbox 1558 1379 1628 1423; x_wconf 89' lang='lat' dir='ltr'><strong>eam</strong></span> <span class='ocrx_word' id='word_1_78' title='bbox 1647 1351 1749 1452; x_wconf 85' lang='lat' dir='ltr'><strong>expli-</strong></span> 
     </span>
     <span class='ocr_line' id='line_1_8' title="bbox 173 1472 1747 1574; baseline 0.001 -30"><span class='ocrx_word' id='word_1_79' title='bbox 173 1486 265 1544; x_wconf 82' lang='lat' dir='ltr'><strong>catur</strong></span> <span class='ocrx_word' id='word_1_80' title='bbox 281 1472 421 1544; x_wconf 89' lang='lat' dir='ltr'><strong>animam</strong></span> <span class='ocrx_word' id='word_1_81' title='bbox 440 1472 592 1546; x_wconf 80' lang='lat' dir='ltr'><strong>excidisse</strong></span> <span class='ocrx_word' id='word_1_82' title='bbox 609 1473 649 1546; x_wconf 92' lang='lat' dir='ltr'><strong>de</strong></span> <span class='ocrx_word' id='word_1_83' title='bbox 668 1474 849 1546; x_wconf 71' lang='lat' dir='ltr'><strong>caelestibus</strong></span> <span class='ocrx_word' id='word_1_84' title='bbox 863 1475 975 1572; x_wconf 90' lang='lat' dir='ltr'><strong>gratiis</strong></span> <span class='ocrx_word' id='word_1_85' title='bbox 992 1473 1218 1574; x_wconf 89' lang='lat' dir='ltr'><strong>undedepicta</strong></span> <span class='ocrx_word' id='word_1_86' title='bbox 1233 1488 1392 1573; x_wconf 88' lang='lat' dir='ltr'><strong>estsuper</strong></span> <span class='ocrx_word' id='word_1_87' title='bbox 1413 1472 1547 1545; x_wconf 89' lang='lat' dir='ltr'><strong>laterem</strong></span> <span class='ocrx_word' id='word_1_88' title='bbox 1566 1486 1747 1556; x_wconf 88' lang='lat' dir='ltr'><strong>terrenum,</strong></span> 
     </span>
     <span class='ocr_line' id='line_1_9' title="bbox 173 1592 1750 1698; baseline 0 -34"><span class='ocrx_word' id='word_1_89' title='bbox 173 1592 208 1663; x_wconf 93' lang='lat' dir='ltr'><strong>id</strong></span> <span class='ocrx_word' id='word_1_90' title='bbox 226 1607 288 1676; x_wconf 88' lang='lat' dir='ltr'><strong>est,</strong></span> <span class='ocrx_word' id='word_1_91' title='bbox 307 1621 404 1694; x_wconf 88' lang='lat' dir='ltr'><strong>super</strong></span> <span class='ocrx_word' id='word_1_92' title='bbox 421 1607 549 1698; x_wconf 86' lang='lat' dir='ltr'><strong>terram.</strong></span> <span class='ocrx_word' id='word_1_93' title='bbox 572 1593 777 1693; x_wconf 85' lang='lat' dir='ltr'><strong>Qualqaoamc</strong></span> <span class='ocrx_word' id='word_1_94' title='bbox 794 1608 902 1666; x_wconf 88' lang='lat' dir='ltr'><strong>autem</strong></span> <span class='ocrx_word' id='word_1_95' title='bbox 915 1607 991 1666; x_wconf 89' lang='lat' dir='ltr'><strong>sunt</strong></span> <span class='ocrx_word' id='word_1_96' title='bbox 1008 1594 1166 1667; x_wconf 74' lang='lat' dir='ltr'><strong>illecebra</strong></span> <span class='ocrx_word' id='word_1_97' title='bbox 1179 1595 1366 1695; x_wconf 88' lang='lat' dir='ltr'><strong>passionum</strong></span> <span class='ocrx_word' id='word_1_98' title='bbox 1385 1607 1417 1665; x_wconf 90' lang='lat' dir='ltr'><strong>ct</strong></span> <span class='ocrx_word' id='word_1_99' title='bbox 1432 1592 1650 1694; x_wconf 89' lang='lat' dir='ltr'><strong>voluptatum,</strong></span> <span class='ocrx_word' id='word_1_100' title='bbox 1670 1618 1750 1692; x_wconf 91' lang='lat' dir='ltr'><strong>quas</strong></span> 
     </span>
     <span class='ocr_line' id='line_1_10' title="bbox 173 1713 1752 1816; baseline 0.001 -31"><span class='ocrx_word' id='word_1_101' title='bbox 173 1714 207 1785; x_wconf 92' lang='lat' dir='ltr'><strong>in</strong></span> <span class='ocrx_word' id='word_1_102' title='bbox 230 1713 477 1811; x_wconf 83' lang='lat' dir='ltr'><strong>cogitationibus</strong></span> <span class='ocrx_word' id='word_1_103' title='bbox 498 1715 613 1786; x_wconf 78' lang='lat' dir='ltr'><strong>anime</strong></span> <span class='ocrx_word' id='word_1_104' title='bbox 632 1716 769 1787; x_wconf 91' lang='lat' dir='ltr'><strong>seminat</strong></span> <span class='ocrx_word' id='word_1_105' title='bbox 785 1716 937 1798; x_wconf 90' lang='lat' dir='ltr'><strong>Satanas,</strong></span> <span class='ocrx_word' id='word_1_106' title='bbox 962 1729 993 1786; x_wconf 90' lang='lat' dir='ltr'><strong>et</strong></span> <span class='ocrx_word' id='word_1_107' title='bbox 1016 1742 1075 1816; x_wconf 91' lang='lat' dir='ltr'><strong>per</strong></span> <span class='ocrx_word' id='word_1_108' title='bbox 1096 1742 1193 1815; x_wconf 91' lang='lat' dir='ltr'><strong>quas,</strong></span> <span class='ocrx_word' id='word_1_109' title='bbox 1216 1715 1299 1786; x_wconf 91' lang='lat' dir='ltr'><strong>banc</strong></span> <span class='ocrx_word' id='word_1_110' title='bbox 1322 1713 1498 1812; x_wconf 89' lang='lat' dir='ltr'><strong>subagens,</strong></span> <span class='ocrx_word' id='word_1_111' title='bbox 1521 1714 1655 1786; x_wconf 86' lang='lat' dir='ltr'><strong>coelcstis</strong></span> <span class='ocrx_word' id='word_1_112' title='bbox 1675 1713 1752 1813; x_wconf 93' lang='lat' dir='ltr'><strong>pul-</strong></span> 
     </span>
     <span class='ocr_line' id='line_1_11' title="bbox 173 1835 719 1908; baseline 0.004 -2"><span class='ocrx_word' id='word_1_113' title='bbox 173 1835 363 1906; x_wconf 87' lang='lat' dir='ltr'><strong>chritudinis</strong></span> <span class='ocrx_word' id='word_1_114' title='bbox 378 1835 520 1908; x_wconf 89' lang='lat' dir='ltr'><strong>devastat</strong></span> <span class='ocrx_word' id='word_1_115' title='bbox 536 1835 719 1908; x_wconf 70' lang='lat' dir='ltr'><strong>aedilicium.</strong></span> 
     </span>
    </p>

    <p class='ocr_par' dir='ltr' id='par_1_3' title="bbox 174 1957 1751 2283">
     <span class='ocr_line' id='line_1_12' title="bbox 227 1957 1751 2056; baseline 0 -28"><span class='ocrx_word' id='word_1_116' title='bbox 227 1957 260 2028; x_wconf 88' lang='lat'><strong>3.</strong></span> <span class='ocrx_word' id='word_1_117' title='bbox 289 1957 353 2028; x_wconf 67' lang='lat' dir='ltr'><strong>«m</strong></span> <span class='ocrx_word' id='word_1_118' title='bbox 367 1971 401 2028; x_wconf 90' lang='lat' dir='ltr'><strong>tu</strong></span> <span class='ocrx_word' id='word_1_119' title='bbox 420 1983 511 2028; x_wconf 91' lang='lat' dir='ltr'><strong>sume</strong></span> <span class='ocrx_word' id='word_1_120' title='bbox 530 1957 588 2028; x_wconf 90' lang='lat' dir='ltr'><strong>tibi</strong></span> <span class='ocrx_word' id='word_1_121' title='bbox 604 1957 800 2054; x_wconf 87' lang='lat' dir='ltr'><strong>sartaginem</strong></span> <span class='ocrx_word' id='word_1_122' title='bbox 817 1957 970 2040; x_wconf 83' lang='lat' dir='ltr'><strong>ferream,</strong></span> <span class='ocrx_word' id='word_1_123' title='bbox 991 1972 1023 2028; x_wconf 90' lang='lat' dir='ltr'><strong>et</strong></span> <span class='ocrx_word' id='word_1_124' title='bbox 1039 1981 1140 2056; x_wconf 84' lang='lat' dir='ltr'><strong>pones</strong></span> <span class='ocrx_word' id='word_1_125' title='bbox 1162 1984 1232 2030; x_wconf 91' lang='lat' dir='ltr'><strong>eam</strong></span> <span class='ocrx_word' id='word_1_126' title='bbox 1251 1957 1286 2028; x_wconf 92' lang='lat' dir='ltr'><strong>in</strong></span> <span class='ocrx_word' id='word_1_127' title='bbox 1308 1981 1439 2028; x_wconf 89' lang='lat' dir='ltr'><strong>murum</strong></span> <span class='ocrx_word' id='word_1_128' title='bbox 1461 1957 1601 2028; x_wconf 81' lang='lat' dir='ltr'><strong>ferreum</strong></span> <span class='ocrx_word' id='word_1_129' title='bbox 1620 1958 1706 2028; x_wconf 90' lang='lat' dir='ltr'><strong>inter</strong></span> <span class='ocrx_word' id='word_1_130' title='bbox 1720 1970 1751 2028; x_wconf 90' lang='lat' dir='ltr'><strong>te</strong></span> 
     </span>
     <span class='ocr_line' id='line_1_13' title="bbox 174 2077 1750 2178; baseline 0.003 -33"><span class='ocrx_word' id='word_1_131' title='bbox 174 2091 231 2150; x_wconf 70' lang='lat' dir='ltr'><strong>aet</strong></span> <span class='ocrx_word' id='word_1_132' title='bbox 248 2079 332 2150; x_wconf 91' lang='lat' dir='ltr'><strong>inter</strong></span> <span class='ocrx_word' id='word_1_133' title='bbox 349 2078 545 2150; x_wconf 68' lang='lat' dir='ltr'><strong>civitatem.»</strong></span> <span class='ocrx_word' id='word_1_134' title='bbox 563 2080 735 2174; x_wconf 79' lang='lat' dir='ltr'><strong>Angustias</strong></span> <span class='ocrx_word' id='word_1_135' title='bbox 752 2079 939 2150; x_wconf 82' lang='lat' dir='ltr'><strong>ludaeorum</strong></span> <span class='ocrx_word' id='word_1_136' title='bbox 958 2092 1123 2177; x_wconf 89' lang='lat' dir='ltr'><strong>comparat</strong></span> <span class='ocrx_word' id='word_1_137' title='bbox 1136 2078 1305 2175; x_wconf 78' lang='lat' dir='ltr'><strong>sartagini,</strong></span> <span class='ocrx_word' id='word_1_138' title='bbox 1323 2077 1399 2178; x_wconf 92' lang='lat' dir='ltr'><strong>quia</strong></span> <span class='ocrx_word' id='word_1_139' title='bbox 1417 2077 1589 2176; x_wconf 90' lang='lat' dir='ltr'><strong>angustiis,</strong></span> <span class='ocrx_word' id='word_1_140' title='bbox 1606 2077 1640 2148; x_wconf 93' lang='lat' dir='ltr'><strong>in</strong></span> <span class='ocrx_word' id='word_1_141' title='bbox 1654 2077 1750 2150; x_wconf 89' lang='lat' dir='ltr'><strong>corde</strong></span> 
     </span>
     <span class='ocr_line' id='line_1_14' title="bbox 174 2198 683 2283; baseline 0 -14"><span class='ocrx_word' id='word_1_142' title='bbox 174 2225 249 2283; x_wconf 90' lang='lat' dir='ltr'><strong>suo,</strong></span> <span class='ocrx_word' id='word_1_143' title='bbox 268 2199 461 2271; x_wconf 89' lang='lat' dir='ltr'><strong>concremati</strong></span> <span class='ocrx_word' id='word_1_144' title='bbox 478 2212 553 2270; x_wconf 88' lang='lat' dir='ltr'><strong>sunt</strong></span> <span class='ocrx_word' id='word_1_145' title='bbox 568 2198 683 2271; x_wconf 83' lang='lat' dir='ltr'><strong>tudaei.</strong></span> 
     </span>
    </p>
   </div>
   <div class='ocr_carea' id='block_1_3' title="bbox 228 2317 1760 2420">
    <p class='ocr_par' dir='ltr' id='par_1_4' title="bbox 228 2317 1760 2420">
     <span class='ocr_line' id='line_1_15' title="bbox 228 2317 1760 2420; baseline 0.001 -30"><span class='ocrx_word' id='word_1_146' title='bbox 228 2320 301 2392; x_wconf 83' lang='lat'><strong>3-8.</strong></span> <span class='ocrx_word' id='word_1_147' title='bbox 330 2319 394 2390; x_wconf 68' lang='lat' dir='ltr'><strong>«Et</strong></span> <span class='ocrx_word' id='word_1_148' title='bbox 416 2319 556 2392; x_wconf 88' lang='lat' dir='ltr'><strong>dormies</strong></span> <span class='ocrx_word' id='word_1_149' title='bbox 577 2348 675 2420; x_wconf 84' lang='lat' dir='ltr'><strong>super</strong></span> <span class='ocrx_word' id='word_1_150' title='bbox 696 2320 779 2393; x_wconf 91' lang='lat' dir='ltr'><strong>latus</strong></span> <span class='ocrx_word' id='word_1_151' title='bbox 804 2335 896 2391; x_wconf 91' lang='lat' dir='ltr'><strong>tuum</strong></span> <span class='ocrx_word' id='word_1_152' title='bbox 915 2317 1060 2392; x_wconf 84' lang='lat' dir='ltr'><strong>dextrum</strong></span> <span class='ocrx_word' id='word_1_153' title='bbox 1070 2325 1094 2404; x_wconf 85' lang='lat'><strong>³,</strong></span> <span class='ocrx_word' id='word_1_154' title='bbox 1118 2345 1253 2391; x_wconf 91' lang='lat' dir='ltr'><strong>numero</strong></span> <span class='ocrx_word' id='word_1_155' title='bbox 1277 2332 1493 2391; x_wconf 90' lang='lat' dir='ltr'><strong>trecentorum</strong></span> <span class='ocrx_word' id='word_1_156' title='bbox 1519 2333 1550 2391; x_wconf 91' lang='lat' dir='ltr'><strong>et</strong></span> <span class='ocrx_word' id='word_1_157' title='bbox 1574 2319 1760 2417; x_wconf 90' lang='lat' dir='ltr'><strong>nonaginta.</strong></span> 
     </span>
    </p>
   </div>
   <div class='ocr_carea' id='block_1_4' title="bbox 174 2439 1756 4970">
    <p class='ocr_par' dir='ltr' id='par_1_5' title="bbox 174 2439 1752 2786">
     <span class='ocr_line' id='line_1_16' title="bbox 175 2439 1749 2542; baseline 0.003 -35"><span class='ocrx_word' id='word_1_158' title='bbox 175 2439 364 2511; x_wconf 74' lang='lat' dir='ltr'><strong>adieram.»</strong></span> <span class='ocrx_word' id='word_1_159' title='bbox 381 2440 422 2513; x_wconf 88' lang='lat' dir='ltr'><strong>Ut</strong></span> <span class='ocrx_word' id='word_1_160' title='bbox 432 2442 589 2542; x_wconf 89' lang='lat' dir='ltr'><strong>propbeta</strong></span> <span class='ocrx_word' id='word_1_161' title='bbox 600 2441 757 2538; x_wconf 89' lang='lat' dir='ltr'><strong>angustiis</strong></span> <span class='ocrx_word' id='word_1_162' title='bbox 773 2455 973 2541; x_wconf 90' lang='lat' dir='ltr'><strong>torqueatur,</strong></span> <span class='ocrx_word' id='word_1_163' title='bbox 989 2441 1084 2539; x_wconf 90' lang='lat' dir='ltr'><strong>jubet</strong></span> <span class='ocrx_word' id='word_1_164' title='bbox 1101 2455 1137 2513; x_wconf 91' lang='lat' dir='ltr'><strong>ut</strong></span> <span class='ocrx_word' id='word_1_165' title='bbox 1151 2440 1305 2523; x_wconf 76' lang='lat' dir='ltr'><strong>dormiat,</strong></span> <span class='ocrx_word' id='word_1_166' title='bbox 1318 2466 1490 2513; x_wconf 91' lang='lat' dir='ltr'><strong>numerum</strong></span> <span class='ocrx_word' id='word_1_167' title='bbox 1501 2439 1589 2513; x_wconf 91' lang='lat' dir='ltr'><strong>bunc</strong></span> <span class='ocrx_word' id='word_1_168' title='bbox 1604 2439 1749 2524; x_wconf 91' lang='lat' dir='ltr'><strong>dierum,</strong></span> 
     </span>
     <span class='ocr_line' id='line_1_17' title="bbox 174 2561 1752 2662; baseline 0.002 -31"><span class='ocrx_word' id='word_1_169' title='bbox 174 2587 272 2660; x_wconf 89' lang='lat' dir='ltr'><strong>super</strong></span> <span class='ocrx_word' id='word_1_170' title='bbox 286 2561 370 2632; x_wconf 89' lang='lat' dir='ltr'><strong>latus</strong></span> <span class='ocrx_word' id='word_1_171' title='bbox 388 2587 499 2645; x_wconf 91' lang='lat' dir='ltr'><strong>suum,</strong></span> <span class='ocrx_word' id='word_1_172' title='bbox 516 2562 597 2634; x_wconf 91' lang='lat' dir='ltr'><strong>ethi</strong></span> <span class='ocrx_word' id='word_1_173' title='bbox 615 2563 741 2634; x_wconf 87' lang='lat' dir='ltr'><strong>numeri</strong></span> <span class='ocrx_word' id='word_1_174' title='bbox 760 2563 906 2635; x_wconf 90' lang='lat' dir='ltr'><strong>indicant</strong></span> <span class='ocrx_word' id='word_1_175' title='bbox 923 2589 1025 2634; x_wconf 88' lang='lat' dir='ltr'><strong>annos</strong></span> <span class='ocrx_word' id='word_1_176' title='bbox 1040 2562 1159 2662; x_wconf 93' lang='lat' dir='ltr'><strong>quibus</strong></span> <span class='ocrx_word' id='word_1_177' title='bbox 1178 2562 1265 2635; x_wconf 88' lang='lat' dir='ltr'><strong>Deus</strong></span> <span class='ocrx_word' id='word_1_178' title='bbox 1288 2562 1490 2659; x_wconf 91' lang='lat' dir='ltr'><strong>angustiatus</strong></span> <span class='ocrx_word' id='word_1_179' title='bbox 1507 2574 1556 2633; x_wconf 94' lang='lat' dir='ltr'><strong>est</strong></span> <span class='ocrx_word' id='word_1_180' title='bbox 1578 2562 1752 2661; x_wconf 88' lang='lat' dir='ltr'><strong>iniquitate</strong></span> 
     </span>
     <span class='ocr_line' id='line_1_18' title="bbox 174 2681 834 2786; baseline 0.006 -34"><span class='ocrx_word' id='word_1_181' title='bbox 174 2681 437 2783; x_wconf 90' lang='lat' dir='ltr'><strong>populilsraelis.</strong></span> <span class='ocrx_word' id='word_1_182' title='bbox 830 2777 834 2786; x_wconf 91' lang='lat'><strong>.</strong></span> 
     </span>
    </p>

    <p class='ocr_par' dir='ltr' id='par_1_6' title="bbox 175 2802 1756 4233">
     <span class='ocr_line' id='line_1_19' title="bbox 229 2802 1752 2903; baseline 0.001 -30"><span class='ocrx_word' id='word_1_183' title='bbox 229 2831 285 2903; x_wconf 82' lang='lat'><strong>9·¹</strong></span> <span class='ocrx_word' id='word_1_184' title='bbox 299 2832 328 2875; x_wconf 91' lang='lat'><strong>1.</strong></span> <span class='ocrx_word' id='word_1_185' title='bbox 369 2803 433 2875; x_wconf 69' lang='lat' dir='ltr'><strong>«Et</strong></span> <span class='ocrx_word' id='word_1_186' title='bbox 448 2817 481 2874; x_wconf 92' lang='lat' dir='ltr'><strong>tu</strong></span> <span class='ocrx_word' id='word_1_187' title='bbox 496 2831 587 2876; x_wconf 90' lang='lat' dir='ltr'><strong>same</strong></span> <span class='ocrx_word' id='word_1_188' title='bbox 602 2804 662 2876; x_wconf 91' lang='lat' dir='ltr'><strong>tibi</strong></span> <span class='ocrx_word' id='word_1_189' title='bbox 678 2806 895 2890; x_wconf 85' lang='lat' dir='ltr'><strong>frumentum,</strong></span> <span class='ocrx_word' id='word_1_190' title='bbox 915 2819 947 2876; x_wconf 90' lang='lat' dir='ltr'><strong>et</strong></span> <span class='ocrx_word' id='word_1_191' title='bbox 962 2806 1140 2879; x_wconf 88' lang='lat' dir='ltr'><strong>hordeum.</strong></span> <span class='ocrx_word' id='word_1_192' title='bbox 1157 2861 1164 2878; x_wconf 94' lang='lat'><strong>.</strong></span> <span class='ocrx_word' id='word_1_193' title='bbox 1183 2817 1232 2877; x_wconf 91' lang='lat' dir='ltr'><strong>.et</strong></span> <span class='ocrx_word' id='word_1_194' title='bbox 1249 2804 1376 2876; x_wconf 89' lang='lat' dir='ltr'><strong>milium</strong></span> <span class='ocrx_word' id='word_1_195' title='bbox 1390 2815 1422 2875; x_wconf 91' lang='lat' dir='ltr'><strong>et</strong></span> <span class='ocrx_word' id='word_1_196' title='bbox 1436 2803 1559 2875; x_wconf 89' lang='lat' dir='ltr'><strong>viciam.</strong></span> <span class='ocrx_word' id='word_1_197' title='bbox 1577 2802 1616 2875; x_wconf 86' lang='lat' dir='ltr'><strong>Et</strong></span> <span class='ocrx_word' id='word_1_198' title='bbox 1634 2827 1752 2903; x_wconf 91' lang='lat' dir='ltr'><strong>aquam</strong></span> 
     </span>
     <span class='ocr_line' id='line_1_20' title="bbox 176 2924 1754 3036; baseline 0.004 -46"><span class='ocrx_word' id='word_1_199' title='bbox 176 2924 235 2994; x_wconf 74' lang='lat' dir='ltr'><strong>ain</strong></span> <span class='ocrx_word' id='word_1_200' title='bbox 253 2950 403 2996; x_wconf 87' lang='lat' dir='ltr'><strong>mensura</strong></span> <span class='ocrx_word' id='word_1_201' title='bbox 415 2924 507 2997; x_wconf 90' lang='lat' dir='ltr'><strong>bibes</strong></span> <span class='ocrx_word' id='word_1_202' title='bbox 522 2940 641 2998; x_wconf 81' lang='lat' dir='ltr'><strong>sertam</strong></span> <span class='ocrx_word' id='word_1_203' title='bbox 659 2940 784 3025; x_wconf 90' lang='lat' dir='ltr'><strong>partem</strong></span> <span class='ocrx_word' id='word_1_204' title='bbox 800 2927 897 2998; x_wconf 73' lang='lat' dir='ltr'><strong>hina</strong></span> <span class='ocrx_word' id='word_1_205' title='bbox 915 2924 1018 3027; x_wconf 80' lang='lat' dir='ltr'><strong>(Hin)</strong></span> <span class='ocrx_word' id='word_1_206' title='bbox 1034 2942 1164 2999; x_wconf 89' lang='lat' dir='ltr'><strong>vocatur</strong></span> <span class='ocrx_word' id='word_1_207' title='bbox 1181 2953 1281 3024; x_wconf 85' lang='lat' dir='ltr'><strong>graece</strong></span> <span class='ocrx_word' id='word_1_208' title='bbox 1300 2930 1456 3015; x_wconf 55' lang='lat' dir='ltr'><strong>aaaron.</strong></span> <span class='ocrx_word' id='word_1_209' title='bbox 1474 2925 1529 2996; x_wconf 90' lang='lat' dir='ltr'><strong>Est</strong></span> <span class='ocrx_word' id='word_1_210' title='bbox 1539 2938 1647 3036; x_wconf 61' lang='lat' dir='ltr'><strong>autem</strong></span> <span class='ocrx_word' id='word_1_211' title='bbox 1664 2951 1754 2996; x_wconf 89' lang='lat' dir='ltr'><strong>men-</strong></span> 
     </span>
     <span class='ocr_line' id='line_1_21' title="bbox 176 3046 1753 3146; baseline 0.001 -30"><span class='ocrx_word' id='word_1_212' title='bbox 176 3071 250 3116; x_wconf 92' lang='lat' dir='ltr'><strong>sura</strong></span> <span class='ocrx_word' id='word_1_213' title='bbox 269 3046 436 3118; x_wconf 90' lang='lat' dir='ltr'><strong>continens</strong></span> <span class='ocrx_word' id='word_1_214' title='bbox 453 3073 569 3118; x_wconf 90' lang='lat' dir='ltr'><strong>novem</strong></span> <span class='ocrx_word' id='word_1_215' title='bbox 586 3047 747 3118; x_wconf 87' lang='lat' dir='ltr'><strong>sextarios.</strong></span> <span class='ocrx_word' id='word_1_216' title='bbox 768 3046 867 3118; x_wconf 91' lang='lat' dir='ltr'><strong>Porro</strong></span> <span class='ocrx_word' id='word_1_217' title='bbox 883 3047 1040 3146; x_wconf 86' lang='lat' dir='ltr'><strong>propbeta</strong></span> <span class='ocrx_word' id='word_1_218' title='bbox 1054 3046 1190 3145; x_wconf 86' lang='lat' dir='ltr'><strong>jubetur</strong></span> <span class='ocrx_word' id='word_1_219' title='bbox 1205 3046 1316 3118; x_wconf 89' lang='lat' dir='ltr'><strong>bibere</strong></span> <span class='ocrx_word' id='word_1_220' title='bbox 1334 3060 1453 3117; x_wconf 81' lang='lat' dir='ltr'><strong>sertam</strong></span> <span class='ocrx_word' id='word_1_221' title='bbox 1469 3059 1594 3146; x_wconf 88' lang='lat' dir='ltr'><strong>partem</strong></span> <span class='ocrx_word' id='word_1_222' title='bbox 1612 3046 1676 3130; x_wconf 85' lang='lat' dir='ltr'><strong>la&#39;a,</strong></span> <span class='ocrx_word' id='word_1_223' title='bbox 1697 3072 1753 3118; x_wconf 92' lang='lat' dir='ltr'><strong>sou</strong></span> 
     </span>
     <span class='ocr_line' id='line_1_22' title="bbox 175 3165 1754 3267; baseline 0.002 -31"><span class='ocrx_word' id='word_1_224' title='bbox 175 3165 356 3248; x_wconf 89' lang='lat' dir='ltr'><strong>heminam,</strong></span> <span class='ocrx_word' id='word_1_225' title='bbox 374 3165 487 3247; x_wconf 89' lang='lat' dir='ltr'><strong>idest,</strong></span> <span class='ocrx_word' id='word_1_226' title='bbox 505 3166 678 3238; x_wconf 84' lang='lat' dir='ltr'><strong>sextarium</strong></span> <span class='ocrx_word' id='word_1_227' title='bbox 697 3193 799 3237; x_wconf 90' lang='lat' dir='ltr'><strong>unum</strong></span> <span class='ocrx_word' id='word_1_228' title='bbox 819 3180 850 3237; x_wconf 90' lang='lat' dir='ltr'><strong>et</strong></span> <span class='ocrx_word' id='word_1_229' title='bbox 867 3165 1050 3236; x_wconf 88' lang='lat' dir='ltr'><strong>dimidium.</strong></span> <span class='ocrx_word' id='word_1_230' title='bbox 1071 3166 1146 3237; x_wconf 78' lang='lat' dir='ltr'><strong>Haec</strong></span> <span class='ocrx_word' id='word_1_231' title='bbox 1166 3181 1275 3237; x_wconf 87' lang='lat' dir='ltr'><strong>autern</strong></span> <span class='ocrx_word' id='word_1_232' title='bbox 1297 3169 1379 3238; x_wconf 85' lang='lat' dir='ltr'><strong>laeta</strong></span> <span class='ocrx_word' id='word_1_233' title='bbox 1397 3180 1488 3250; x_wconf 90' lang='lat' dir='ltr'><strong>sunt,</strong></span> <span class='ocrx_word' id='word_1_234' title='bbox 1505 3180 1542 3239; x_wconf 91' lang='lat' dir='ltr'><strong>ut</strong></span> <span class='ocrx_word' id='word_1_235' title='bbox 1556 3167 1677 3239; x_wconf 91' lang='lat' dir='ltr'><strong>videret</strong></span> <span class='ocrx_word' id='word_1_236' title='bbox 1691 3195 1754 3267; x_wconf 92' lang='lat' dir='ltr'><strong>po-</strong></span> 
     </span>
     <span class='ocr_line' id='line_1_23' title="bbox 177 3285 1753 3386; baseline 0.002 -30"><span class='ocrx_word' id='word_1_237' title='bbox 177 3285 273 3384; x_wconf 92' lang='lat' dir='ltr'><strong>pulus</strong></span> <span class='ocrx_word' id='word_1_238' title='bbox 291 3286 395 3356; x_wconf 89' lang='lat' dir='ltr'><strong>Deum</strong></span> <span class='ocrx_word' id='word_1_239' title='bbox 409 3286 467 3384; x_wconf 95' lang='lat' dir='ltr'><strong>qui</strong></span> <span class='ocrx_word' id='word_1_240' title='bbox 483 3299 531 3356; x_wconf 91' lang='lat' dir='ltr'><strong>est</strong></span> <span class='ocrx_word' id='word_1_241' title='bbox 546 3285 730 3370; x_wconf 91' lang='lat' dir='ltr'><strong>invisibilis,</strong></span> <span class='ocrx_word' id='word_1_242' title='bbox 748 3312 808 3386; x_wconf 88' lang='lat' dir='ltr'><strong>per</strong></span> <span class='ocrx_word' id='word_1_243' title='bbox 829 3285 1020 3386; x_wconf 89' lang='lat' dir='ltr'><strong>prophetam</strong></span> <span class='ocrx_word' id='word_1_244' title='bbox 1036 3287 1094 3386; x_wconf 91' lang='lat' dir='ltr'><strong>qui</strong></span> <span class='ocrx_word' id='word_1_245' title='bbox 1111 3299 1180 3357; x_wconf 90' lang='lat' dir='ltr'><strong>erat</strong></span> <span class='ocrx_word' id='word_1_246' title='bbox 1197 3285 1348 3370; x_wconf 89' lang='lat' dir='ltr'><strong>visibilis,</strong></span> <span class='ocrx_word' id='word_1_247' title='bbox 1366 3298 1415 3371; x_wconf 89' lang='lat' dir='ltr'><strong>ct,</strong></span> <span class='ocrx_word' id='word_1_248' title='bbox 1432 3314 1468 3358; x_wconf 82' lang='lat' dir='ltr'><strong>ex</strong></span> <span class='ocrx_word' id='word_1_249' title='bbox 1483 3287 1631 3384; x_wconf 90' lang='lat' dir='ltr'><strong>angustia</strong></span> <span class='ocrx_word' id='word_1_250' title='bbox 1655 3315 1753 3386; x_wconf 88' lang='lat' dir='ltr'><strong>quam</strong></span> 
     </span>
     <span class='ocr_line' id='line_1_24' title="bbox 177 3405 1753 3507; baseline 0.003 -31"><span class='ocrx_word' id='word_1_251' title='bbox 177 3405 400 3505; x_wconf 77' lang='lat' dir='ltr'><strong>experiebatur</strong></span> <span class='ocrx_word' id='word_1_252' title='bbox 417 3406 591 3506; x_wconf 89' lang='lat' dir='ltr'><strong>propbeta,</strong></span> <span class='ocrx_word' id='word_1_253' title='bbox 610 3405 663 3476; x_wconf 93' lang='lat' dir='ltr'><strong>vili</strong></span> <span class='ocrx_word' id='word_1_254' title='bbox 684 3407 780 3479; x_wconf 90' lang='lat' dir='ltr'><strong>alitus</strong></span> <span class='ocrx_word' id='word_1_255' title='bbox 803 3407 890 3488; x_wconf 89' lang='lat' dir='ltr'><strong>cibo,</strong></span> <span class='ocrx_word' id='word_1_256' title='bbox 910 3420 942 3478; x_wconf 90' lang='lat' dir='ltr'><strong>et</strong></span> <span class='ocrx_word' id='word_1_257' title='bbox 962 3407 996 3478; x_wconf 92' lang='lat' dir='ltr'><strong>in</strong></span> <span class='ocrx_word' id='word_1_258' title='bbox 1019 3434 1115 3507; x_wconf 89' lang='lat' dir='ltr'><strong>parva</strong></span> <span class='ocrx_word' id='word_1_259' title='bbox 1132 3433 1299 3490; x_wconf 89' lang='lat' dir='ltr'><strong>mensura,</strong></span> <span class='ocrx_word' id='word_1_260' title='bbox 1316 3407 1409 3506; x_wconf 90' lang='lat' dir='ltr'><strong>aquis</strong></span> <span class='ocrx_word' id='word_1_261' title='bbox 1429 3406 1565 3478; x_wconf 89' lang='lat' dir='ltr'><strong>turbatis</strong></span> <span class='ocrx_word' id='word_1_262' title='bbox 1590 3407 1753 3480; x_wconf 80' lang='lat' dir='ltr'><strong>interdum</strong></span> 
     </span>
     <span class='ocr_line' id='line_1_25' title="bbox 180 3525 1752 3630; baseline 0.003 -35"><span class='ocrx_word' id='word_1_263' title='bbox 180 3537 323 3624; x_wconf 83' lang='lat' dir='ltr'><strong>potatus,</strong></span> <span class='ocrx_word' id='word_1_264' title='bbox 343 3525 376 3597; x_wconf 95' lang='lat' dir='ltr'><strong>in</strong></span> <span class='ocrx_word' id='word_1_265' title='bbox 393 3525 464 3599; x_wconf 94' lang='lat' dir='ltr'><strong>loco</strong></span> <span class='ocrx_word' id='word_1_266' title='bbox 480 3525 667 3626; x_wconf 92' lang='lat' dir='ltr'><strong>provolutus</strong></span> <span class='ocrx_word' id='word_1_267' title='bbox 683 3525 766 3630; x_wconf 81' lang='lat' dir='ltr'><strong>(dd)</strong></span> <span class='ocrx_word' id='word_1_268' title='bbox 778 3555 836 3627; x_wconf 91' lang='lat' dir='ltr'><strong>per</strong></span> <span class='ocrx_word' id='word_1_269' title='bbox 849 3541 1005 3600; x_wconf 90' lang='lat' dir='ltr'><strong>trecentos</strong></span> <span class='ocrx_word' id='word_1_270' title='bbox 1017 3543 1048 3599; x_wconf 92' lang='lat' dir='ltr'><strong>ot</strong></span> <span class='ocrx_word' id='word_1_271' title='bbox 1063 3527 1239 3626; x_wconf 83' lang='lat' dir='ltr'><strong>nonaginta</strong></span> <span class='ocrx_word' id='word_1_272' title='bbox 1253 3527 1321 3600; x_wconf 91' lang='lat' dir='ltr'><strong>dies</strong></span> <span class='ocrx_word' id='word_1_273' title='bbox 1336 3525 1415 3628; x_wconf 92' lang='lat' dir='ltr'><strong>quin</strong></span> <span class='ocrx_word' id='word_1_274' title='bbox 1431 3527 1460 3600; x_wconf 89' lang='lat' dir='ltr'><strong>ei</strong></span> <span class='ocrx_word' id='word_1_275' title='bbox 1470 3527 1582 3600; x_wconf 87' lang='lat' dir='ltr'><strong>liceret</strong></span> <span class='ocrx_word' id='word_1_276' title='bbox 1596 3529 1752 3612; x_wconf 87' lang='lat' dir='ltr'><strong>converti,</strong></span> 
     </span>
     <span class='ocr_line' id='line_1_26' title="bbox 179 3645 1756 3750; baseline 0.003 -33"><span class='ocrx_word' id='word_1_277' title='bbox 179 3645 371 3742; x_wconf 85' lang='lat' dir='ltr'><strong>intelligeret</strong></span> <span class='ocrx_word' id='word_1_278' title='bbox 385 3647 488 3719; x_wconf 89' lang='lat' dir='ltr'><strong>Deum</strong></span> <span class='ocrx_word' id='word_1_279' title='bbox 504 3647 650 3719; x_wconf 91' lang='lat' dir='ltr'><strong>similiter</strong></span> <span class='ocrx_word' id='word_1_280' title='bbox 660 3650 878 3747; x_wconf 90' lang='lat' dir='ltr'><strong>angustiatum</strong></span> <span class='ocrx_word' id='word_1_281' title='bbox 898 3650 994 3734; x_wconf 89' lang='lat' dir='ltr'><strong>luisse</strong></span> <span class='ocrx_word' id='word_1_282' title='bbox 1005 3649 1175 3749; x_wconf 88' lang='lat' dir='ltr'><strong>iniquitate</strong></span> <span class='ocrx_word' id='word_1_283' title='bbox 1186 3651 1201 3721; x_wconf 90' lang='lat' dir='ltr'>J</span> <span class='ocrx_word' id='word_1_284' title='bbox 1206 3646 1276 3720; x_wconf 80' lang='lat' dir='ltr'><strong>uda</strong></span> <span class='ocrx_word' id='word_1_285' title='bbox 1287 3663 1319 3721; x_wconf 91' lang='lat' dir='ltr'><strong>et</strong></span> <span class='ocrx_word' id='word_1_286' title='bbox 1335 3647 1477 3733; x_wconf 87' lang='lat' dir='ltr'><strong>Israelis,</strong></span> <span class='ocrx_word' id='word_1_287' title='bbox 1495 3677 1593 3749; x_wconf 89' lang='lat' dir='ltr'><strong>quam</strong></span> <span class='ocrx_word' id='word_1_288' title='bbox 1609 3651 1683 3722; x_wconf 90' lang='lat' dir='ltr'><strong>tulit</strong></span> <span class='ocrx_word' id='word_1_289' title='bbox 1696 3677 1756 3750; x_wconf 91' lang='lat' dir='ltr'><strong>per</strong></span> 
     </span>
     <span class='ocr_line' id='line_1_27' title="bbox 178 3759 1753 3872; baseline 0.003 -36"><span class='ocrx_word' id='word_1_290' title='bbox 178 3764 431 3865; x_wconf 86' lang='lat' dir='ltr'><strong>quadringentos</strong></span> <span class='ocrx_word' id='word_1_291' title='bbox 448 3783 480 3841; x_wconf 88' lang='lat' dir='ltr'><strong>et</strong></span> <span class='ocrx_word' id='word_1_292' title='bbox 503 3769 632 3866; x_wconf 90' lang='lat' dir='ltr'><strong>triginta</strong></span> <span class='ocrx_word' id='word_1_293' title='bbox 656 3798 769 3842; x_wconf 90' lang='lat' dir='ltr'><strong>annos.</strong></span> <span class='ocrx_word' id='word_1_294' title='bbox 792 3771 850 3842; x_wconf 70' lang='lat' dir='ltr'><strong>alst</strong></span> <span class='ocrx_word' id='word_1_295' title='bbox 876 3771 962 3843; x_wconf 87' lang='lat' dir='ltr'><strong>Deus</strong></span> <span class='ocrx_word' id='word_1_296' title='bbox 984 3799 1019 3842; x_wconf 81' lang='lat' dir='ltr'><strong>ev</strong></span> <span class='ocrx_word' id='word_1_297' title='bbox 1043 3759 1181 3871; x_wconf 81' lang='lat' dir='ltr'><strong>utroque</strong></span> <span class='ocrx_word' id='word_1_298' title='bbox 1204 3769 1305 3842; x_wconf 91' lang='lat' dir='ltr'><strong>latere</strong></span> <span class='ocrx_word' id='word_1_299' title='bbox 1322 3798 1434 3870; x_wconf 87' lang='lat' dir='ltr'><strong>passus</strong></span> <span class='ocrx_word' id='word_1_300' title='bbox 1455 3783 1503 3842; x_wconf 88' lang='lat' dir='ltr'><strong>est</strong></span> <span class='ocrx_word' id='word_1_301' title='bbox 1521 3798 1580 3872; x_wconf 90' lang='lat' dir='ltr'><strong>per</strong></span> <span class='ocrx_word' id='word_1_302' title='bbox 1597 3771 1753 3871; x_wconf 90' lang='lat' dir='ltr'><strong>quadrin-</strong></span> 
     </span>
     <span class='ocr_line' id='line_1_28' title="bbox 178 3885 1754 3992; baseline 0.003 -34"><span class='ocrx_word' id='word_1_303' title='bbox 178 3902 291 3984; x_wconf 88' lang='lat' dir='ltr'><strong>gentos</strong></span> <span class='ocrx_word' id='word_1_304' title='bbox 308 3903 340 3960; x_wconf 90' lang='lat' dir='ltr'><strong>ct</strong></span> <span class='ocrx_word' id='word_1_305' title='bbox 359 3890 489 3988; x_wconf 90' lang='lat' dir='ltr'><strong>triginta</strong></span> <span class='ocrx_word' id='word_1_306' title='bbox 509 3918 621 3962; x_wconf 90' lang='lat' dir='ltr'><strong>anuos.</strong></span> <span class='ocrx_word' id='word_1_307' title='bbox 647 3891 742 3975; x_wconf 90' lang='lat' dir='ltr'><strong>Nam,</strong></span> <span class='ocrx_word' id='word_1_308' title='bbox 767 3890 808 3962; x_wconf 90' lang='lat' dir='ltr'><strong>ab</strong></span> <span class='ocrx_word' id='word_1_309' title='bbox 827 3918 913 3968; x_wconf 88' lang='lat' dir='ltr'><strong>anuo</strong></span> <span class='ocrx_word' id='word_1_310' title='bbox 936 3891 1041 3992; x_wconf 90' lang='lat' dir='ltr'><strong>primo</strong></span> <span class='ocrx_word' id='word_1_311' title='bbox 1060 3891 1243 3963; x_wconf 90' lang='lat' dir='ltr'><strong>Salomonis</strong></span> <span class='ocrx_word' id='word_1_312' title='bbox 1264 3891 1298 3963; x_wconf 90' lang='lat' dir='ltr'><strong>in</strong></span> <span class='ocrx_word' id='word_1_313' title='bbox 1314 3919 1379 3992; x_wconf 92' lang='lat' dir='ltr'><strong>quo</strong></span> <span class='ocrx_word' id='word_1_314' title='bbox 1398 3889 1591 3963; x_wconf 81' lang='lat' dir='ltr'><strong>aedificatum</strong></span> <span class='ocrx_word' id='word_1_315' title='bbox 1607 3906 1655 3964; x_wconf 91' lang='lat' dir='ltr'><strong>est</strong></span> <span class='ocrx_word' id='word_1_316' title='bbox 1673 3885 1754 3963; x_wconf 84' lang='lat' dir='ltr'><strong>tein-</strong></span> 
     </span>
     <span class='ocr_line' id='line_1_29' title="bbox 179 4009 1752 4114; baseline 0.003 -34"><span class='ocrx_word' id='word_1_317' title='bbox 179 4009 270 4109; x_wconf 90' lang='lat' dir='ltr'><strong>plum</strong></span> <span class='ocrx_word' id='word_1_318' title='bbox 297 4039 398 4112; x_wconf 92' lang='lat' dir='ltr'><strong>usque</strong></span> <span class='ocrx_word' id='word_1_319' title='bbox 421 4011 463 4084; x_wconf 88' lang='lat' dir='ltr'><strong>ad</strong></span> <span class='ocrx_word' id='word_1_320' title='bbox 485 4039 608 4084; x_wconf 91' lang='lat' dir='ltr'><strong>annum</strong></span> <span class='ocrx_word' id='word_1_321' title='bbox 632 4013 841 4084; x_wconf 88' lang='lat' dir='ltr'><strong>undecimum</strong></span> <span class='ocrx_word' id='word_1_322' title='bbox 859 4012 1018 4095; x_wconf 78' lang='lat' dir='ltr'><strong>Sedeciae,</strong></span> <span class='ocrx_word' id='word_1_323' title='bbox 1036 4013 1069 4084; x_wconf 92' lang='lat' dir='ltr'><strong>in</strong></span> <span class='ocrx_word' id='word_1_324' title='bbox 1088 4041 1152 4113; x_wconf 93' lang='lat' dir='ltr'><strong>quo</strong></span> <span class='ocrx_word' id='word_1_325' title='bbox 1176 4013 1378 4085; x_wconf 90' lang='lat' dir='ltr'><strong>combustum</strong></span> <span class='ocrx_word' id='word_1_326' title='bbox 1404 4027 1451 4084; x_wconf 90' lang='lat' dir='ltr'><strong>cst</strong></span> <span class='ocrx_word' id='word_1_327' title='bbox 1468 4012 1555 4085; x_wconf 90' lang='lat' dir='ltr'><strong>idem</strong></span> <span class='ocrx_word' id='word_1_328' title='bbox 1579 4013 1752 4114; x_wconf 90' lang='lat' dir='ltr'><strong>templum,</strong></span> 
     </span>
     <span class='ocr_line' id='line_1_30' title="bbox 179 4131 1160 4233; baseline 0.003 -32"><span class='ocrx_word' id='word_1_329' title='bbox 179 4131 408 4230; x_wconf 88' lang='lat' dir='ltr'><strong>quadringenti</strong></span> <span class='ocrx_word' id='word_1_330' title='bbox 425 4147 456 4204; x_wconf 91' lang='lat' dir='ltr'><strong>et</strong></span> <span class='ocrx_word' id='word_1_331' title='bbox 475 4133 603 4232; x_wconf 87' lang='lat' dir='ltr'><strong>triginta</strong></span> <span class='ocrx_word' id='word_1_332' title='bbox 616 4135 693 4205; x_wconf 91' lang='lat' dir='ltr'><strong>anni</strong></span> <span class='ocrx_word' id='word_1_333' title='bbox 712 4161 785 4204; x_wconf 91' lang='lat' dir='ltr'><strong>cum</strong></span> <span class='ocrx_word' id='word_1_334' title='bbox 804 4132 938 4205; x_wconf 88' lang='lat' dir='ltr'><strong>dimidio</strong></span> <span class='ocrx_word' id='word_1_335' title='bbox 958 4133 1059 4233; x_wconf 89' lang='lat' dir='ltr'><strong>clapsi</strong></span> <span class='ocrx_word' id='word_1_336' title='bbox 1074 4148 1160 4204; x_wconf 90' lang='lat' dir='ltr'><strong>sunt.</strong></span> 
     </span>
    </p>

    <p class='ocr_par' dir='ltr' id='par_1_7' title="bbox 178 4242 1755 4970">
     <span class='ocr_line' id='line_1_31' title="bbox 236 4242 1755 4355; baseline -0.001 -30"><span class='ocrx_word' id='word_1_337' title='bbox 236 4281 291 4325; x_wconf 79' lang='lat' dir='ltr'><strong>vn.</strong></span> <span class='ocrx_word' id='word_1_338' title='bbox 320 4255 385 4326; x_wconf 70' lang='lat' dir='ltr'><strong>«Et</strong></span> <span class='ocrx_word' id='word_1_339' title='bbox 406 4255 586 4354; x_wconf 87' lang='lat' dir='ltr'><strong>placentam</strong></span> <span class='ocrx_word' id='word_1_340' title='bbox 606 4242 818 4326; x_wconf 81' lang='lat' dir='ltr'><strong>hordeaceam</strong></span> <span class='ocrx_word' id='word_1_341' title='bbox 844 4255 992 4326; x_wconf 90' lang='lat' dir='ltr'><strong>comedes</strong></span> <span class='ocrx_word' id='word_1_342' title='bbox 1009 4282 1108 4355; x_wconf 91' lang='lat' dir='ltr'><strong>quam</strong></span> <span class='ocrx_word' id='word_1_343' title='bbox 1130 4268 1268 4327; x_wconf 89' lang='lat' dir='ltr'><strong>stercore</strong></span> <span class='ocrx_word' id='word_1_344' title='bbox 1285 4252 1430 4326; x_wconf 89' lang='lat' dir='ltr'><strong>humano</strong></span> <span class='ocrx_word' id='word_1_345' title='bbox 1454 4281 1571 4355; x_wconf 91' lang='lat' dir='ltr'><strong>coques</strong></span> <span class='ocrx_word' id='word_1_346' title='bbox 1596 4255 1630 4324; x_wconf 92' lang='lat' dir='ltr'><strong>in</strong></span> <span class='ocrx_word' id='word_1_347' title='bbox 1654 4252 1755 4325; x_wconf 89' lang='lat' dir='ltr'><strong>oculis</strong></span> 
     </span>
     <span class='ocr_line' id='line_1_32' title="bbox 178 4373 1754 4477; baseline 0.001 -33"><span class='ocrx_word' id='word_1_348' title='bbox 178 4400 316 4445; x_wconf 76' lang='lat' dir='ltr'><strong>scarum</strong></span> <span class='ocrx_word' id='word_1_349' title='bbox 336 4373 387 4476; x_wconf 88' lang='lat' dir='ltr'><strong>(et</strong></span> <span class='ocrx_word' id='word_1_350' title='bbox 402 4373 542 4447; x_wconf 88' lang='lat' dir='ltr'><strong>dormies</strong></span> <span class='ocrx_word' id='word_1_351' title='bbox 558 4402 655 4474; x_wconf 90' lang='lat' dir='ltr'><strong>super</strong></span> <span class='ocrx_word' id='word_1_352' title='bbox 669 4375 753 4446; x_wconf 88' lang='lat' dir='ltr'><strong>latus</strong></span> <span class='ocrx_word' id='word_1_353' title='bbox 767 4388 859 4446; x_wconf 89' lang='lat' dir='ltr'><strong>tuum</strong></span> <span class='ocrx_word' id='word_1_354' title='bbox 876 4373 1022 4447; x_wconf 83' lang='lat' dir='ltr'><strong>dextrum</strong></span> <span class='ocrx_word' id='word_1_355' title='bbox 1036 4375 1250 4476; x_wconf 89' lang='lat' dir='ltr'><strong>quadraginta</strong></span> <span class='ocrx_word' id='word_1_356' title='bbox 1267 4375 1400 4477; x_wconf 78' lang='lat' dir='ltr'><strong>diebus)</strong></span> <span class='ocrx_word' id='word_1_357' title='bbox 1411 4380 1434 4447; x_wconf 82' lang='lat'><strong>⁵.</strong></span> <span class='ocrx_word' id='word_1_358' title='bbox 1453 4375 1532 4448; x_wconf 81' lang='lat' dir='ltr'><strong>Ecce</strong></span> <span class='ocrx_word' id='word_1_359' title='bbox 1547 4375 1624 4447; x_wconf 91' lang='lat' dir='ltr'><strong>dedi</strong></span> <span class='ocrx_word' id='word_1_360' title='bbox 1640 4375 1754 4446; x_wconf 87' lang='lat' dir='ltr'><strong>limum</strong></span> 
     </span>
     <span class='ocr_line' id='line_1_33' title="bbox 179 4485 1754 4597; baseline 0.003 -35"><span class='ocrx_word' id='word_1_361' title='bbox 179 4493 263 4565; x_wconf 71' lang='lat' dir='ltr'><strong>stibi</strong></span> <span class='ocrx_word' id='word_1_362' title='bbox 283 4495 419 4578; x_wconf 78' lang='lat' dir='ltr'><strong>boum⁶,</strong></span> <span class='ocrx_word' id='word_1_363' title='bbox 444 4509 551 4596; x_wconf 88' lang='lat' dir='ltr'><strong>patres</strong></span> <span class='ocrx_word' id='word_1_364' title='bbox 579 4485 749 4568; x_wconf 88' lang='lat' dir='ltr'><strong>comedent</strong></span> <span class='ocrx_word' id='word_1_365' title='bbox 773 4495 855 4568; x_wconf 91' lang='lat' dir='ltr'><strong>lilios</strong></span> <span class='ocrx_word' id='word_1_366' title='bbox 873 4523 948 4568; x_wconf 89' lang='lat' dir='ltr'><strong>suos</strong></span> <span class='ocrx_word' id='word_1_367' title='bbox 965 4497 999 4568; x_wconf 90' lang='lat' dir='ltr'><strong>in</strong></span> <span class='ocrx_word' id='word_1_368' title='bbox 1021 4495 1128 4568; x_wconf 90' lang='lat' dir='ltr'><strong>medio</strong></span> <span class='ocrx_word' id='word_1_369' title='bbox 1145 4496 1253 4569; x_wconf 65' lang='lat' dir='ltr'><strong>tuit„</strong></span> <span class='ocrx_word' id='word_1_370' title='bbox 1272 4497 1401 4569; x_wconf 87' lang='lat' dir='ltr'><strong>Scilicet</strong></span> <span class='ocrx_word' id='word_1_371' title='bbox 1427 4523 1486 4597; x_wconf 83' lang='lat' dir='ltr'><strong>per</strong></span> <span class='ocrx_word' id='word_1_372' title='bbox 1503 4496 1654 4568; x_wconf 90' lang='lat' dir='ltr'><strong>mandata</strong></span> <span class='ocrx_word' id='word_1_373' title='bbox 1681 4523 1754 4596; x_wconf 80' lang='lat' dir='ltr'><strong>quae</strong></span> 
     </span>
     <span class='ocr_line' id='line_1_34' title="bbox 180 4613 1754 4718; baseline 0.003 -36"><span class='ocrx_word' id='word_1_374' title='bbox 180 4613 448 4716; x_wconf 76' lang='lat' dir='ltr'><strong>traditprophctsu</strong></span> <span class='ocrx_word' id='word_1_375' title='bbox 464 4616 557 4688; x_wconf 88' lang='lat' dir='ltr'><strong>docet</strong></span> <span class='ocrx_word' id='word_1_376' title='bbox 570 4615 656 4688; x_wconf 87' lang='lat' dir='ltr'><strong>Deus</strong></span> <span class='ocrx_word' id='word_1_377' title='bbox 667 4615 812 4700; x_wconf 83' lang='lat' dir='ltr'><strong>Judaeos,</strong></span> <span class='ocrx_word' id='word_1_378' title='bbox 827 4618 992 4717; x_wconf 78' lang='lat' dir='ltr'><strong>prophetae</strong></span> <span class='ocrx_word' id='word_1_379' title='bbox 1006 4617 1116 4702; x_wconf 91' lang='lat' dir='ltr'><strong>instar,</strong></span> <span class='ocrx_word' id='word_1_380' title='bbox 1130 4617 1423 4718; x_wconf 90' lang='lat' dir='ltr'><strong>quimanducando</strong></span> <span class='ocrx_word' id='word_1_381' title='bbox 1438 4617 1618 4718; x_wconf 88' lang='lat' dir='ltr'><strong>placentam</strong></span> <span class='ocrx_word' id='word_1_382' title='bbox 1630 4630 1754 4688; x_wconf 90' lang='lat' dir='ltr'><strong>coctam</strong></span> 
     </span>
     <span class='ocr_line' id='line_1_35' title="bbox 178 4733 1753 4840; baseline 0.003 -37"><span class='ocrx_word' id='word_1_383' title='bbox 178 4733 220 4803; x_wconf 91' lang='lat' dir='ltr'><strong>ad</strong></span> <span class='ocrx_word' id='word_1_384' title='bbox 236 4733 397 4806; x_wconf 89' lang='lat' dir='ltr'><strong>llammam</strong></span> <span class='ocrx_word' id='word_1_385' title='bbox 409 4737 556 4808; x_wconf 90' lang='lat' dir='ltr'><strong>stercoris</strong></span> <span class='ocrx_word' id='word_1_386' title='bbox 572 4736 722 4822; x_wconf 86' lang='lat' dir='ltr'><strong>bomani,</strong></span> <span class='ocrx_word' id='word_1_387' title='bbox 741 4736 952 4811; x_wconf 83' lang='lat' dir='ltr'><strong>manducaret</strong></span> <span class='ocrx_word' id='word_1_388' title='bbox 970 4739 1057 4840; x_wconf 91' lang='lat' dir='ltr'><strong>quod</strong></span> <span class='ocrx_word' id='word_1_389' title='bbox 1074 4737 1114 4810; x_wconf 93' lang='lat' dir='ltr'><strong>ab</strong></span> <span class='ocrx_word' id='word_1_390' title='bbox 1133 4739 1203 4840; x_wconf 92' lang='lat' dir='ltr'><strong>ipso</strong></span> <span class='ocrx_word' id='word_1_391' title='bbox 1221 4767 1385 4838; x_wconf 86' lang='lat' dir='ltr'><strong>egressum</strong></span> <span class='ocrx_word' id='word_1_392' title='bbox 1401 4737 1753 4824; x_wconf 67' lang='lat' dir='ltr'><strong>esau-manducaturos</strong></span> 
     </span>
     <span class='ocr_line' id='line_1_36' title="bbox 178 4857 1307 4970; baseline 0.008 -49"><span class='ocrx_word' id='word_1_393' title='bbox 178 4857 349 4954; x_wconf 90' lang='lat' dir='ltr'><strong>essequod</strong></span> <span class='ocrx_word' id='word_1_394' title='bbox 366 4857 406 4928; x_wconf 90' lang='lat' dir='ltr'><strong>ab</strong></span> <span class='ocrx_word' id='word_1_395' title='bbox 422 4857 485 4929; x_wconf 93' lang='lat' dir='ltr'><strong>illis</strong></span> <span class='ocrx_word' id='word_1_396' title='bbox 501 4885 665 4970; x_wconf 75' lang='lat' dir='ltr'><strong>egressum</strong></span> <span class='ocrx_word' id='word_1_397' title='bbox 683 4873 767 4944; x_wconf 91' lang='lat' dir='ltr'><strong>erat,</strong></span> <span class='ocrx_word' id='word_1_398' title='bbox 787 4887 902 4962; x_wconf 86' lang='lat' dir='ltr'><strong>nearpo</strong></span> <span class='ocrx_word' id='word_1_399' title='bbox 919 4860 1002 4932; x_wconf 84' lang='lat' dir='ltr'><strong>lilios</strong></span> <span class='ocrx_word' id='word_1_400' title='bbox 1020 4887 1101 4960; x_wconf 93' lang='lat' dir='ltr'><strong>quos</strong></span> <span class='ocrx_word' id='word_1_401' title='bbox 1118 4874 1307 4960; x_wconf 88' lang='lat' dir='ltr'><strong>genuerant.</strong></span> 
     </span>
    </p>
   </div>
   <div class='ocr_carea' id='block_1_5' title="bbox 179 5085 1753 5444">
    <p class='ocr_par' dir='ltr' id='par_1_8' title="bbox 179 5085 1753 5444">
     <span class='ocr_line' id='line_1_37' title="bbox 219 5085 1753 5164; baseline 0.003 -25"><span class='ocrx_word' id='word_1_402' title='bbox 219 5085 225 5114; x_wconf 95' lang='lat'><strong>¹</strong></span> <span class='ocrx_word' id='word_1_403' title='bbox 246 5086 305 5140; x_wconf 90' lang='lat' dir='ltr'><strong>Cod.</strong></span> <span class='ocrx_word' id='word_1_404' title='bbox 323 5085 354 5140; x_wconf 78' lang='lat' dir='ltr'><strong>Et</strong></span> <span class='ocrx_word' id='word_1_405' title='bbox 361 5089 442 5160; x_wconf 70' lang='lat' dir='ltr'><strong>saaca</strong></span> <span class='ocrx_word' id='word_1_406' title='bbox 461 5089 504 5143; x_wconf 83' lang='lat' dir='ltr'><strong>boc</strong></span> <span class='ocrx_word' id='word_1_407' title='bbox 518 5091 641 5164; x_wconf 75' lang='lat' dir='ltr'><strong>gaudens,</strong></span> <span class='ocrx_word' id='word_1_408' title='bbox 657 5109 701 5164; x_wconf 88' lang='lat' dir='ltr'><strong>per</strong></span> <span class='ocrx_word' id='word_1_409' title='bbox 715 5109 825 5145; x_wconf 87' lang='lat' dir='ltr'><strong>errorem</strong></span> <span class='ocrx_word' id='word_1_410' title='bbox 844 5091 927 5145; x_wconf 82' lang='lat' dir='ltr'><strong>nrani-</strong></span> <span class='ocrx_word' id='word_1_411' title='bbox 1003 5090 1094 5146; x_wconf 78' lang='lat' dir='ltr'><strong>braum</strong></span> <span class='ocrx_word' id='word_1_412' title='bbox 1108 5100 1272 5146; x_wconf 85' lang='lat' dir='ltr'><strong>servaverant.</strong></span> <span class='ocrx_word' id='word_1_413' title='bbox 1284 5093 1340 5132; x_wconf 73' lang='lat'><strong>-⁵</strong></span> <span class='ocrx_word' id='word_1_414' title='bbox 1353 5091 1454 5145; x_wconf 80' lang='lat' dir='ltr'><strong>Garama</strong></span> <span class='ocrx_word' id='word_1_415' title='bbox 1466 5090 1606 5164; x_wconf 74' lang='lat' dir='ltr'><strong>praecedens</strong></span> <span class='ocrx_word' id='word_1_416' title='bbox 1620 5109 1668 5145; x_wconf 90' lang='lat' dir='ltr'><strong>non</strong></span> <span class='ocrx_word' id='word_1_417' title='bbox 1681 5090 1753 5144; x_wconf 85' lang='lat' dir='ltr'><strong>vertit</strong></span> 
     </span>
     <span class='ocr_line' id='line_1_38' title="bbox 179 5169 1753 5258; baseline 0.001 -21"><span class='ocrx_word' id='word_1_418' title='bbox 179 5183 342 5237; x_wconf 74' lang='lat' dir='ltr'><strong>lesum—²</strong></span> <span class='ocrx_word' id='word_1_419' title='bbox 362 5184 397 5236; x_wconf 87' lang='lat' dir='ltr'><strong>lta</strong></span> <span class='ocrx_word' id='word_1_420' title='bbox 410 5183 436 5235; x_wconf 90' lang='lat' dir='ltr'><strong>in</strong></span> <span class='ocrx_word' id='word_1_421' title='bbox 449 5190 515 5237; x_wconf 79' lang='lat' dir='ltr'><strong>terta</strong></span> <span class='ocrx_word' id='word_1_422' title='bbox 526 5184 772 5257; x_wconf 72' lang='lat' dir='ltr'><strong>syriacelegendum,</strong></span> <span class='ocrx_word' id='word_1_423' title='bbox 784 5193 928 5238; x_wconf 86' lang='lat' dir='ltr'><strong>nouantem</strong></span> <span class='ocrx_word' id='word_1_424' title='bbox 1005 5169 1030 5240; x_wconf 95' lang='lat' dir='ltr'><strong>S.</strong></span> <span class='ocrx_word' id='word_1_425' title='bbox 1052 5184 1177 5257; x_wconf 80' lang='lat' dir='ltr'><strong>prraemi</strong></span> <span class='ocrx_word' id='word_1_426' title='bbox 1200 5183 1288 5239; x_wconf 89' lang='lat' dir='ltr'><strong>editor.</strong></span> <span class='ocrx_word' id='word_1_427' title='bbox 1310 5215 1348 5226; x_wconf 90' lang='lat'><em>-</em></span> <span class='ocrx_word' id='word_1_428' title='bbox 1362 5187 1372 5216; x_wconf 83' lang='lat'><strong>⁶</strong></span> <span class='ocrx_word' id='word_1_429' title='bbox 1391 5185 1417 5238; x_wconf 88' lang='lat' dir='ltr'><strong>S.</strong></span> <span class='ocrx_word' id='word_1_430' title='bbox 1438 5185 1583 5258; x_wconf 82' lang='lat' dir='ltr'><strong>prraemus</strong></span> <span class='ocrx_word' id='word_1_431' title='bbox 1600 5183 1691 5239; x_wconf 86' lang='lat' dir='ltr'><strong>addit:</strong></span> <span class='ocrx_word' id='word_1_432' title='bbox 1706 5204 1753 5258; x_wconf 80' lang='lat' dir='ltr'><strong>pro</strong></span> 
     </span>
     <span class='ocr_line' id='line_1_39' title="bbox 179 5275 1567 5351; baseline 0.001 -21"><span class='ocrx_word' id='word_1_433' title='bbox 179 5276 341 5350; x_wconf 83' lang='lat' dir='ltr'><strong>qaaq&#39;loume‘.</strong></span> <span class='ocrx_word' id='word_1_434' title='bbox 361 5307 398 5316; x_wconf 95' lang='lat'>—</span> <span class='ocrx_word' id='word_1_435' title='bbox 419 5279 428 5308; x_wconf 79' lang='lat'><strong>³</strong></span> <span class='ocrx_word' id='word_1_436' title='bbox 448 5275 579 5340; x_wconf 83' lang='lat' dir='ltr'><strong>Hebraeus,</strong></span> <span class='ocrx_word' id='word_1_437' title='bbox 601 5295 687 5331; x_wconf 79' lang='lat' dir='ltr'><strong>ornnes</strong></span> <span class='ocrx_word' id='word_1_438' title='bbox 709 5276 833 5331; x_wconf 83' lang='lat' dir='ltr'><strong>versiones</strong></span> <span class='ocrx_word' id='word_1_439' title='bbox 857 5284 882 5329; x_wconf 86' lang='lat' dir='ltr'><strong>et</strong></span> <span class='ocrx_word' id='word_1_440' title='bbox 901 5279 927 5331; x_wconf 91' lang='lat' dir='ltr'><strong>S.</strong></span> <span class='ocrx_word' id='word_1_441' title='bbox 1004 5277 1146 5332; x_wconf 74' lang='lat' dir='ltr'><strong>atarrma&#39;bm</strong></span> <span class='ocrx_word' id='word_1_442' title='bbox 1159 5277 1277 5332; x_wconf 68' lang='lat' dir='ltr'><strong>banaia</strong></span> <span class='ocrx_word' id='word_1_443' title='bbox 1291 5279 1350 5320; x_wconf 86' lang='lat'><strong>-⁷</strong></span> <span class='ocrx_word' id='word_1_444' title='bbox 1368 5277 1473 5351; x_wconf 83' lang='lat' dir='ltr'><strong>Glrrap.</strong></span> <span class='ocrx_word' id='word_1_445' title='bbox 1487 5297 1509 5342; x_wconf 82' lang='lat' dir='ltr'><strong>r,</strong></span> <span class='ocrx_word' id='word_1_446' title='bbox 1526 5297 1567 5332; x_wconf 84' lang='lat' dir='ltr'><strong>ro.</strong></span> 
     </span>
     <span class='ocr_line' id='line_1_40' title="bbox 180 5368 929 5444; baseline 0 -20"><span class='ocrx_word' id='word_1_447' title='bbox 180 5370 326 5444; x_wconf 80' lang='lat' dir='ltr'><strong>prraemus</strong></span> <span class='ocrx_word' id='word_1_448' title='bbox 340 5368 432 5422; x_wconf 85' lang='lat' dir='ltr'><strong>babent</strong></span> <span class='ocrx_word' id='word_1_449' title='bbox 446 5370 576 5422; x_wconf 74' lang='lat' dir='ltr'><strong>sinistrum.</strong></span> <span class='ocrx_word' id='word_1_450' title='bbox 591 5371 652 5411; x_wconf 79' lang='lat'><strong>-⁴</strong></span> <span class='ocrx_word' id='word_1_451' title='bbox 672 5371 717 5423; x_wconf 87' lang='lat' dir='ltr'><strong>llic</strong></span> <span class='ocrx_word' id='word_1_452' title='bbox 732 5387 871 5424; x_wconf 70' lang='lat' dir='ltr'><strong>errrorem</strong></span> <span class='ocrx_word' id='word_1_453' title='bbox 887 5369 929 5424; x_wconf 88' lang='lat' dir='ltr'><strong>lve-</strong></span> 
     </span>
    </p>
   </div>
   <div class='ocr_carea' id='block_1_6' title="bbox 0 0 2009 6084">
    <p class='ocr_par' dir='ltr' id='par_1_9' title="bbox 0 0 2009 6084">
     <span class='ocr_line' id='line_1_41' title="bbox 0 0 2009 6084; baseline 0 0"><span class='ocrx_word' id='word_1_454' title='bbox 0 0 2009 6084; x_wconf 95' lang='lat' dir='ltr'><strong> </strong></span> 
     </span>
    </p>
   </div>
  </div>
 </body>
</html>
