3980 6084
623 547 811 618 ANCYRAE
842 549 1045 616 CONClLll
1075 549 1292 617 CANONES.
1674 551 1741 616 dub

170 704 244 775 Hac
262 714 338 774 sunt
355 713 464 773 autem
483 699 614 771 nomina
633 726 746 772 eorum
770 699 827 799 qui
848 701 1000 772 Cesarea)
1022 699 1156 771 adunati
1175 705 1266 771 sunt¹
1288 730 1297 771 ε
1316 698 1469 783 Vitalius,
1486 700 1612 800 Lupus,
1637 700 1741 772 Leon·-

169 825 265 906 tius,
285 822 439 904 Basilius,
464 821 668 904 Valentinus,
695 820 884 918 Gregorius,
914 821 1094 917 Longinus,
1121 817 1306 904 Heraclius,
1332 819 1510 919 Amphion,
1538 819 1743 904 Erotberius,

170 945 233 1044 (dl
243 942 283 1046 6)
297 945 502 1024 Valentinus,
516 942 676 1024 Dicasius,
690 942 885 1024 Germanus,
898 941 1088 1038 Gregorius,
1104 941 1244 1024 Saedus,
1256 941 1410 1023 Sanctus,
1422 940 1600 1026 Narcissus,
1612 941 1742 1042 lllpius,

170 1065 358 1148 Gerontius,
374 1063 574 1146 salaminae,
594 1061 797 1134 Theodorus.
820 1062 874 1134 lsti
892 1088 989 1160 porro
1012 1061 1168 1161 episcopi,
1188 1089 1261 1134 cum
1285 1061 1471 1161 congregati
1490 1061 1642 1146 luissent,
1659 1062 1743 1134 inlra

170 1185 346 1286 descriptos
361 1209 502 1256 canones
519 1183 717 1256 definierunt
733 1195 766 1255 et
780 1195 965 1254 sanxerunt.

220 1380 321 1452 Canon
349 1378 398 1451 ll.
432 1379 476 1452 De
500 1377 697 1450 eooodotibur
729 1377 783 1478 qui
807 1377 1024 1476 compleor-aut.
1057 1419 1106 1434 -
1133 1377 1179 1450 lle
1211 1377 1431 1450 sacerdotibus
1458 1378 1522 1452 illis
1553 1379 1626 1480 qui,
1652 1393 1745 1480 post·

168 1528 266 1600 quam
290 1500 565 1584 sacrificaverunt,
595 1499 757 1582 conversi,
789 1497 897 1572 denuo
928 1525 1084 1596 agonem,
1117 1524 1182 1570 non
1213 1499 1348 1597 quidem
1374 1499 1492 1572 astutia
1519 1499 1661 1600 quadam
1688 1499 1746 1572 sed

168 1621 299 1694 veritate
324 1621 474 1721 impulsi,
496 1619 658 1702 inierunt,
680 1620 803 1720 quique
822 1619 856 1691 id
879 1631 974 1692 antea
993 1645 1059 1690 non
1083 1619 1397 1718 praeordinaverunt,
1425 1633 1461 1692 ut
1484 1621 1615 1692 cruciati
1635 1619 1746 1693 crede-

168 1755 291 1826 rentur,
305 1741 380 1813 lieet
403 1739 475 1812 ficte
494 1753 619 1813 tantum
641 1751 673 1812 et
688 1752 882 1840 apparenter
899 1739 1067 1812 tormentis
1085 1738 1319 1838 objicerentur;
1339 1741 1379 1813 de
1396 1739 1448 1812 bis
1466 1740 1589 1842 placuit
1605 1739 1745 1840 synodo,

169 1875 205 1934 ut
220 1862 353 1963 quidem
366 1861 488 1961 gradus
505 1861 629 1935 bonore
647 1859 871 1958 dignarentur,
891 1887 956 1932 non
974 1873 1082 1934 autem
1099 1873 1134 1932 ut
1150 1861 1319 1946 ollcrrent,
1335 1861 1486 1935 homilias
1499 1862 1674 1946 baberent,
1688 1874 1743 1934 aul

169 1983 343 2056 sacerdotis
362 1982 475 2082 quovis
492 2008 628 2054 munere
647 2007 793 2081 unquam
811 1979 1037 2079 iungerentur.
1798 1975 1801 1980 ¹

222 2176 263 2250 ll.
293 2177 337 2249 De
352 2176 480 2249 diaconia
501 2177 555 2278 qui
574 2176 789 2276 aocn‘jt'curuut.
813 2219 864 2232 --
883 2175 1033 2249 Diaconis
1055 2177 1130 2277 qui,
1151 2203 1225 2249 curn
1247 2176 1345 2250 simili
1366 2175 1462 2249 modo
1483 2177 1746 2262 sacrificaverint,

170 2313 278 2400 postea
305 2298 447 2371 conversi
472 2325 609 2397 agonem
632 2297 820 2382 subierunt,
850 2297 934 2369 alius
960 2298 1067 2370 honor
1091 2297 1300 2385 concedatur3
1324 2325 1434 2370 verum
1458 2297 1498 2370 ab
1527 2297 1616 2372 omni
1641 2325 1748 2370 sacer-

172 2421 291 2492 dotali³
308 2419 485 2491 ministerio
500 2419 683 2492 abstineant
698 2446 826 2492 neccsse
840 2433 902 2503 est;
923 2446 981 2491 nec
996 2417 1121 2490 dolcrrc
1139 2446 1257 2520 panem
1276 2432 1332 2491 aut
1349 2419 1480 2491 calicem
1496 2417 1538 2490 ad
1554 2418 1671 2502 altare,
1688 2445 1747 2490 nec

172 2541 346 2642 praedicare
364 2538 481 2614 valeat.
502 2539 660 2625 Quodsi,
680 2538 877 2640 quibusdam
896 2539 1071 2641 episcopis,
1095 2554 1227 2640 propter
1247 2539 1376 2612 illorum
1397 2539 1559 2624 laborem,
1577 2539 1748 2611 humilita-

174 2676 237 2734 tem
263 2675 295 2734 ct
317 2661 618 2746 mansuetudinem,
642 2660 767 2761 aliquid
790 2661 931 2762 amplius
954 2660 1017 2733 illis
1040 2660 1117 2734 dare
1145 2651 1205 2734 aut
1224 2659 1349 2762 aliquid
1374 2660 1520 2746 demere,
1539 2659 1618 2734 utile
1644 2659 1746 2732 visum

173 2781 286 2869 luerit,
305 2783 401 2884 plena
421 2783 485 2854 illis
502 2796 644 2883 potestas
662 2782 858 2855 conceditur.
928 2789 932 2796 '

225 2980 281 3051 lll.
311 2978 355 3050 De
383 2978 442 3050 iltis
471 2977 535 3076 qui,
568 2975 639 3047 dum
668 2977 860 3076 aufugerent,
891 2977 981 3076 eapti,
1007 2977 1043 3047 ob
1066 2977 1230 3048 uiolentiam
1256 3005 1346 3075 quum
1368 2978 1453 3076 posci
1478 2995 1561 3062 aunt,
1577 2979 1658 3079 secti
1679 2993 1749 3050 sum

175 3099 289 3171 etlam'ei.
317 3143 369 3154 —
393 3097 469 3170 lllos
497 3098 572 3197 qui,
601 3097 680 3168 dum
710 3097 918 3194 aulugerent,
947 3097 1031 3196 capti
1060 3108 1116 3168 out
1142 3123 1159 3168 a
1182 3096 1397 3168 familiaribus
1426 3099 1535 3170 traditi
1559 3112 1651 3180 sunt,
1675 3113 1746 3181 aut,

175 3219 239 3291 alio
265 3219 377 3318 quovis
401 3218 516 3301 modo,
535 3217 647 3300 bonis,
676 3217 996 3317 possessionibusque
1019 3217 1150 3316 privati,
1171 3218 1340 3290 tormentis
1362 3219 1491 3302 tentati,
1515 3218 1622 3290 autin
1641 3245 1750 3290 carce-

176 3367 244 3412 rem
263 3339 398 3438 conjecti
416 3351 508 3422 sunt,
534 3365 571 3410 eo
594 3338 682 3438 quod
705 3365 739 3410 se
760 3337 950 3410 christianos
969 3363 1038 3410 csse
1061 3337 1278 3421 clamitarent;
1298 3337 1420 3438 quique
1444 3338 1600 3411 violenter
1623 3339 1749 3410 tractati

178 3460 218 3532 ab
235 3460 371 3559 illisqui
389 3487 446 3532 cos
465 3457 685 3542 deducebant,
705 3457 831 3558 aliquid
849 3458 1011 3531 ethnicam
1027 3459 1216 3556 religionem
1232 3456 1382 3530 redolens
1397 3458 1583 3560 inpropriis
1597 3459 1750 3530 manibus

178 3579 318 3662 delerre,
337 3593 393 3650 aut
410 3603 514 3653 escam
532 3578 673 3679 recipere
692 3579 844 3652 violentia
862 3579 963 3652 coacti
979 3592 1070 3664 sunt,
1085 3579 1160 3651 licet
1172 3607 1205 3652 se
1220 3578 1410 3651 christianos
1423 3607 1491 3652 esse
1506 3579 1748 3662 confiterentur,

177 3701 406 3800 tristitiamque
432 3727 468 3772 ar
495 3699 534 3771 iis
556 3727 629 3801 quar
656 3700 843 3774 acciderunt
864 3713 1052 3800 conceptam
1076 3713 1232 3801 perpetuo
1260 3699 1486 3784 ostenderunt,
1515 3713 1584 3773 tum
1612 3699 1749 3774 demisso

179 3834 309 3922 aspectu
327 3849 402 3908 suo,
419 3811 489 3893 tum
503 3819 619 3892 humili
642 3835 725 3893 veste
743 3835 842 3922 atque
864 3821 989 3894 ratione
1005 3821 1141 3920 agendi,
1165 3821 1243 3894 tales
1260 3821 1420 3894 immunes
1437 3850 1454 3893 a
1472 3835 1602 3922 peccato
1619 3821 1750 3894 existere

179 3956 301 4015 certum
317 3956 380 4029 est;
397 3941 485 4015 unde
502 3969 521 4013 a
536 3943 765 4015 communione
784 3943 914 4016 arcendi
931 3969 996 4015 non
1012 3957 1098 4015 sunt.
1112 3943 1248 4026 Quodsi
1269 3971 1288 4015 a
1305 3941 1500 4042 quibusdum
1519 3943 1640 4044 repulsi
1657 3956 1749 4025 sunt,

177 4063 243 4135 sire
261 4063 302 4134 ob
319 4063 452 4135 nimiam
469 4061 645 4146 cautelam,
664 4063 728 4134 sire
744 4062 785 4134 ob
804 4063 1037 4160 ignorantiam,
1052 4064 1209 4164 extemplo
1225 4063 1422 4164 recipiantur
1439 4076 1575 4164 oportet.
1589 4063 1635 4135 lta
1653 4062 1749 4134 etiam

178 4183 344 4256 decretum
362 4198 410 4257 est
422 4183 463 4256 de
482 4183 520 4256 iis
539 4183 596 4283 qui
614 4183 655 4256 ad
671 4183 794 4256 clerum
810 4183 896 4256 etde
914 4185 953 4255 iis
972 4185 1029 4285 qui
1050 4184 1091 4256 ad
1109 4198 1229 4256 statum
1246 4183 1395 4257 laicalem
1412 4185 1585 4284 pertinent.
1603 4184 1659 4268 tlt,
1675 4211 1748 4256 am-

177 4305 274 4407 pliori
292 4304 517 4405 disquisitione
541 4304 624 4378 lacta
647 4305 688 4376 de
709 4305 815 4389 laicis,
834 4305 892 4407 qui
911 4305 1029 4378 talibus
1047 4303 1158 4409 (217)
1177 4306 1209 4378 in
1229 4306 1385 4404 angustiis
1403 4308 1516 4378 versuti
1534 4318 1626 4390 sunt,
1642 4333 1684 4378 an
1708 4305 1749 4378 ad

70 4513 73 4518 Ι
179 4426 308 4499 ordines
326 4426 509 4526 promoveri
531 4426 671 4526 possint,
690 4427 813 4525 placuit
831 4426 906 4506 boa,
930 4439 1041 4527 utpote
1059 4427 1117 4528 qui
1139 4426 1222 4500 nibil
1239 4427 1455 4527 peccaverint,
1476 4427 1620 4500 ordinari
1638 4454 1748 4527 posse,

178 4546 355 4619 dummodo
370 4559 525 4619 anteactae
543 4547 614 4618 vitae
630 4572 736 4619 mores
753 4546 872 4646 reperti
889 4546 1011 4619 luerint
1025 4548 1162 4620 honesti.

228 4742 281 4814 lV.
309 4741 355 4813 De
381 4741 418 4812 iia
444 4740 512 4840 qui,
538 4741 573 4812 ot
601 4739 732 4813 diuersos
759 4769 880 4826 cousus,
908 4742 939 4812 io
966 4741 1124 4840 quomdam
1146 4742 1341 4815 idololatrium
1368 4745 1561 4844 impegerunt.
1587 4785 1639 4800 —-
1664 4745 1751 4817 lnler

177 4858 249 4931 illos
266 4861 339 4961 qui,
358 4861 420 4935 vim
447 4861 549 4962 passi,
572 4861 794 4934 sacrificarunt
810 4874 868 4934 aut
891 4861 925 4934 in
952 4861 1079 4962 templis
1104 4860 1267 4935 idolorum
1292 4865 1547 4949 manducarunt,
1568 4891 1680 4936 omncs
1703 4864 1751 4936 illi

216 5129 224 5159 ¹
244 5127 348 5182 Nomina
361 5129 461 5184 Petrum
472 5130 707 5186 Neoeoesariensium
717 5137 814 5185 exstant
823 5130 850 5184 in
860 5129 925 5185 Phil.
1001 5130 1103 5185 nomina
1113 5137 1209 5185 tanturn
1222 5139 1363 5205 supersunt.
1375 5133 1432 5173 -¹
1443 5131 1487 5190 cta
1498 5133 1544 5189 Ph.
1555 5132 1647 5188 labbei
1657 5153 1695 5208 ep.
1710 5134 1750 5187 rit.

179 5217 271 5273 babbei
284 5217 367 5273 sacro
383 5221 507 5288 consiliu,
524 5223 548 5286 l,
563 5222 608 5278 rol.
625 5224 705 5296 1488.
719 5226 748 5278 tt
761 5223 797 5277 ibi
812 5222 926 5296 quedam
1003 5223 1027 5287 l,
1045 5223 1091 5279 col.
1106 5224 1277 5297 :ott-mm,
1291 5243 1347 5278 cum
1362 5225 1427 5279 notis
1441 5226 1526 5280 Severi
1540 5227 1616 5283 binii.
1633 5259 1670 5268 -
1690 5230 1701 5261 ³
1721 5226 1749 5281 ld

180 5312 280 5366 nomina
291 5330 352 5385 syrac
363 5313 433 5368 seriei
441 5314 526 5370 deesse
535 5317 663 5380 ridentur,
672 5316 747 5371 latine
758 5315 927 5372 novemdecim
1003 5325 1053 5380 ast,
1066 5317 1129 5391 quin
1144 5317 1265 5372 mcerdoti
1275 5318 1417 5374 ministrent
1426 5319 1551 5376 abstinere
1563 5318 1662 5374 debent.
