4006 6098
418 575 421 582 ’
525 579 726 656 SANCTUS
756 579 1020 648 GREGORIUS
1051 579 1428 648 THAUMATURGUS.
1694 583 1761 650 389
1853 561 1854 564 Ἴ

192 727 282 830 gine,
300 729 399 800 unius
414 727 554 825 Virginis
571 729 758 826 unigenitus
777 727 879 814 filius3
898 741 947 814 et,
967 729 1245 830 quemadmodum
1263 730 1297 802 in
1315 729 1415 828 priori
1431 729 1596 803 nativitate
1610 729 1761 831 blaspbe-

191 852 264 924 mie
280 850 370 923 locus
390 861 536 931 nonest,
554 848 581 919 si
597 849 746 950 quidem,
763 849 886 949 absque
903 849 1011 922 medio
1029 864 1065 922 et.
1078 850 1202 951 absque
1224 851 1444 951 separatione,
1463 862 1559 922 natus
1574 864 1622 922 est
1636 879 1655 922 a
1669 851 1763 925 Patre

193 971 348 1044 indivisus
365 984 397 1043 et
415 969 657 1069 inseparabilis3
678 970 826 1044 similiter
842 983 875 1043 et
893 971 927 1044 in
948 971 1119 1072 posteriori
1140 972 1305 1044 nativitate
1323 998 1390 1044 non
1409 985 1457 1044 est
1479 972 1569 1044 locus
1588 973 1762 1072 impietati,

194 1093 271 1194 quia
296 1093 366 1165 sine
390 1089 599 1191 corruptione
618 1104 714 1163 uatus
728 1105 793 1177 est,
807 1105 912 1164 castus
930 1107 1048 1164 castam
1067 1119 1207 1164 servans.
1231 1090 1368 1166 Dolores
1388 1119 1502 1192 passus
1527 1120 1592 1165 non
1612 1107 1660 1165 est
1677 1094 1765 1166 Deus

193 1213 301 1287 divine
319 1212 423 1286 Deum
443 1211 617 1312 pariendo,
637 1239 743 1312 neque
766 1213 1006 1312 corruptionem
1025 1240 1116 1312 passa
1135 1226 1182 1285 est
1199 1211 1312 1312 Virgo,
1332 1213 1486 1312 quoniam
1512 1214 1648 1313 spiritali
1667 1214 1763 1287 modo

193 1331 401 1434 Spiritualenr
421 1331 544 1429 genuit.
565 1331 659 1405 Prior
680 1331 828 1405 nativitas
849 1358 915 1404 non
936 1331 1112 1431 explicatur
1134 1344 1166 1404 ει
1184 1331 1345 1432 posterior
1365 1345 1413 1404 est
1435 1333 1572 1404 examini
1596 1331 1762 1432 impervia.

194 1451 287 1526 Prior
307 1451 456 1553 passione
474 1451 557 1524 lacta
581 1479 647 1524 non
671 1465 734 1537 est,
750 1452 911 1552 posterior
930 1451 1059 1552 impuro
1078 1479 1143 1525 non
1161 1479 1195 1524 se
1212 1451 1329 1524 habuit
1351 1452 1461 1525 modo.
1478 1453 1643 1551 Virginem
1666 1453 1763 1526 hodie

192 1573 355 1675 peperisse
375 1571 508 1658 scimus,
530 1573 756 1674 credimusque
778 1601 848 1646 eam
867 1573 1030 1674 peperisse
1050 1572 1142 1645 illum
1158 1574 1215 1674 qui
1240 1588 1317 1646 esta
1332 1572 1427 1645 Patre
1445 1573 1487 1645 ab
1502 1588 1633 1646 caterno.
1646 1574 1763 1646 Verum

194 1695 267 1795 quia
284 1695 325 1766 sit
341 1691 458 1766 modus
476 1693 647 1766 nativitatis
666 1694 823 1794 explicare
844 1694 934 1767 haud
949 1721 1059 1795 sper03
1074 1695 1179 1768 verbis
1200 1694 1336 1767 scrutari
1354 1721 1421 1766 non
1440 1695 1575 1779 tentavi,
1592 1709 1765 1794 monteque

193 1815 351 1914 attingere
371 1841 437 1887 non
458 1814 586 1887 confido
599 1813 726 1918 (137),
742 1815 896 1916 quoniam
916 1829 1033 1888 natura
1049 1815 1110 1888 Dei
1128 1815 1189 1888 sub
1207 1815 1432 1890 observatione
1454 1842 1520 1886 non
1539 1815 1638 1900 cadit,
1658 1826 1766 1887 mente

195 1963 261 2008 non
279 1935 456 2033 attingitur,
478 1934 596 2008 misero
619 1936 782 2009 intellectu
806 1964 874 2012 non
892 1936 1094 2038 concipitur:
1114 1935 1222 2008 virtuti
1246 1949 1355 2008 autem
1371 1962 1506 2035 operum
1529 1935 1617 2007 illius
1640 1947 1766 2035 oportet

194 2056 335 2130 credere.
347 2056 475 2132 Natura·
493 2082 654 2157 corporeas
671 2069 753 2130 nova
770 2071 847 2130 sunt
861 2057 970 2156 leges:
990 2057 1121 2158 quando
1138 2071 1239 2158 nupta
1255 2070 1303 2128 εει
1320 2055 1449 2141 mulier,
1462 2055 1601 2157 concipit
1614 2056 1765 2156 paritque

195 2176 298 2250 filium
305 2179 396 2276 juxta
411 2177 599 2277 nuptiarum
610 2177 733 2276 legem;
750 2178 881 2278 quando
896 2163 1003 2251 autern
1015 2178 1103 2276 virgo
1115 2177 1250 2278 innupta
1264 2176 1414 2276 prodigio
1427 2177 1531 2250 lilium
1544 2177 1644 2278 parit,
1661 2202 1765 2250 rema·
1805 2261 1808 2268 ,

195 2294 304 2370 nendo
327 2297 422 2368 ctiam
446 2310 523 2370 tunc
546 2297 652 2396 virgo,
674 2325 726 2370 res
748 2311 796 2370 est
813 2324 910 2398 supra
930 2312 1079 2370 naturam
1099 2297 1252 2398 corporis.
1274 2281 1450 2382 Qnaesunt
1471 2297 1651 2370 secundum
1668 2309 1766 2369 natu-

195 2445 264 2490 ram
280 2433 472 2517 corpoream
483 2445 535 2490 res
551 2429 742 2502 scrutemur,
763 2445 814 2490 res
830 2445 903 2492 vero
925 2432 1088 2519 quaesunt
1106 2445 1203 2519 supra
1223 2432 1372 2491 naturam
1388 2431 1550 2489 taceamus
1567 2449 1574 2489 :
1594 2443 1661 2489 non
1677 2416 1766 2516 quod

195 2539 381 2621 timeamus,
399 2538 472 2624 scd,
492 2539 568 2640 quia
586 2565 637 2612 res
657 2539 830 2612 inellabilis
848 2552 912 2624 est,
932 2553 1095 2612 taceamus
1113 2552 1148 2610 ut
1171 2539 1299 2612 silentio
1320 2537 1444 2611 bonore
1460 2539 1594 2636 dignam
1616 2538 1766 2610 virtutem

195 2659 338 2735 colamus
356 2673 389 2733 et
401 2657 495 2762 (ne),
514 2660 649 2734 modum
667 2659 866 2745 excedendo,
884 2689 903 2734 a
921 2661 1101 2736 eoetesdbus
1119 2659 1213 2733 donis
1231 2660 1424 2733 excidamus.

246 2837 298 2910 lll.
328 2835 416 2921 Ouid
433 2836 538 2910 dicam
558 2836 675 2937 quidve
691 2838 847 2938 eloquar?
863 2837 1029 2936 Virginem
1047 2838 1236 2936 genitricem
1258 2838 1448 2938 respiciam?
1461 2837 1584 2908 Novum
1606 2849 1638 2908 ει
1656 2835 1769 2936 prodi-

195 2957 321 3057 giosum
346 2969 475 3058 parturn
494 2957 682 3029 attendam?
704 2957 886 3029 Mirabilem
907 2972 1018 3058 partus
1036 2957 1170 3030 modurn
1187 2957 1393 3030 considerans
1413 2957 1668 3058 contemplabor,
1685 2983 1769 3057 quo·

196 3079 284 3150 niam
298 3078 437 3151 vincitur
454 3093 568 3150 natura
587 3103 762 3178 rerumque
779 3077 881 3150 solite
900 3078 1060 3150 violantur
1074 3077 1172 3174 leges.
1193 3077 1255 3150 Ubi
1270 3078 1418 3150 voluntas
1437 3092 1484 3150 est
1500 3077 1576 3160 Dei,
1588 3077 1634 3149 ibi
1648 3104 1767 3150 novum

196 3212 228 3272 et
244 3196 391 3270 mirabile
410 3198 591 3270 ostenditur
607 3225 706 3298 opus,
725 3197 881 3298 quoniam
901 3225 951 3269 res
967 3223 1055 3269 novae
1071 3197 1155 3268 liunt
1171 3197 1351 3268 secundum
1370 3223 1598 3297 corporearum
1617 3211 1766 3269 naturam

197 3347 316 3393 rerum.
337 3319 413 3392 Haec
427 3319 588 3391 mirabilia
603 3345 669 3391 non
686 3332 762 3391 sunt
779 3333 895 3392 natura
911 3318 1126 3401 mirabiliora;
1146 3330 1261 3390 natura
1282 3317 1367 3390 mim
1384 3318 1449 3389 otio
1465 3317 1664 3416 indulgenti,
1681 3317 1766 3389 nihil

196 3453 302 3542 potest
323 3440 450 3514 evenire
468 3440 652 3540 juxtaejus
672 3440 870 3512 voluntatem
892 3441 1039 3542 miraque
1062 3453 1137 3512 sunt
1159 3439 1268 3511 omnia
1286 3439 1418 3510 Domini
1442 3465 1540 3539 opera
1562 3465 1634 3539 quae
1654 3436 1766 3522 voluit.

247 3626 284 3699 ll.
313 3624 521 3700 Oinellnbile
539 3640 571 3698 et
587 3626 796 3700 inscrutabile
815 3627 1018 3727 mysterium!
1035 3627 1101 3710 Qui
1119 3638 1193 3698 ante
1210 3625 1370 3698 mundum
1391 3625 1583 3724 Unigenitus
1601 3637 1685 3708 crat,
1703 3625 1769 3697 im-

197 3747 383 3850 palpabilis,
407 3747 557 3847 simplex,
573 3748 798 3847 incorporeus,
818 3773 992 3848 corporeus
1018 3748 1121 3820 lactus
1145 3759 1208 3831 cst,
1226 3747 1328 3832 venit,
1352 3772 1534 3846 corpusque
1560 3743 1768 3844 corruptibile

197 3868 320 3953 induit,
335 3881 372 3940 ut
384 3869 574 3941 manifestus
592 3881 772 3970 appareret.
788 3870 862 3953 Oua
873 3869 997 3942 ratione
1013 3868 1149 3952 etenim,
1165 3868 1225 3939 nisi
1240 3867 1373 3938 visibilis
1390 3880 1486 3952 esset,
1506 3893 1631 3938 servare
1649 3865 1770 3938 doctri-

198 4015 274 4061 nam
296 3988 427 4061 doceret
452 4001 548 4089 atque
571 3988 612 4060 ad
634 3987 794 4062 invisibile
821 3988 1017 4061 deduceret?
1042 3990 1113 4089 lpse
1138 3988 1307 4060 manifeste
1327 3987 1411 4058 visus
1436 4001 1483 4058 est
1507 3999 1543 4058 ut
1567 3984 1702 4058 visibilia
1728 3984 1770 4056 ad

198 4109 371 4182 invisibilia
383 4109 581 4183 transferret.
595 4109 635 4182 Et
647 4110 803 4209 quoniam
815 4108 964 4182 homines
980 4109 1115 4181 auribus
1132 4108 1242 4180 oculos
1259 4107 1419 4179 fideliores
1432 4119 1619 4207 reputantes
1634 4106 1771 4178 credunt

199 4229 288 4331 quod
303 4229 427 4314 vident,
446 4229 525 4302 dum
543 4230 583 4303 de
602 4231 653 4302 his
671 4256 743 4331 quae
758 4257 823 4302 non
842 4229 953 4302 vident
969 4230 1138 4314 dubitant,
1158 4228 1259 4301 voluit
1276 4254 1410 4328 corpore
1425 4227 1526 4300 videri
1544 4227 1629 4299 Deus
1650 4239 1686 4297 ut
1705 4227 1772 4298 sol·

198 4363 287 4424 venet
305 4363 337 4423 et
353 4364 508 4423 everteret
523 4377 590 4422 non
613 4350 814 4423 credentium
833 4349 945 4421 dubia.
964 4350 1074 4422 Voluit
1098 4349 1138 4421 de
1157 4349 1281 4448 virgine
1295 4349 1400 4432 nasci,
1417 4374 1482 4420 non
1504 4361 1539 4419 ut
1557 4346 1712 4445 virginem
1730 4344 1771 4418 dc

199 4471 298 4544 rebus
319 4470 439 4572 quibus
459 4471 625 4571 cooperari
645 4497 710 4542 non
733 4470 873 4543 debebat
889 4471 1081 4555 instrueret,
1101 4470 1257 4571 quoniam
1278 4495 1390 4541 rerum
1413 4480 1577 4542 momenta
1594 4467 1683 4563 virgo
1705 4492 1770 4538 non

201 4591 413 4690 cognoscebat
425 4589 552 4692 hocque
566 4591 753 4690 mysterium
768 4590 934 4663 inellabile
950 4617 1032 4690 opus
1045 4603 1092 4662 est
1106 4590 1248 4673 virtutis,
1265 4589 1353 4661 unde
1367 4585 1454 4689 (ipsa
1470 4586 1575 4689 virgo)
1587 4586 1649 4658 boc
1665 4587 1772 4658 solum

202 4739 220 4783 a
233 4710 383 4784 Gabriele
393 4711 566 4812 postulavit
578 4739 586 4779 ε
601 4710 799 4795 «Quomodo
812 4711 875 4784 boc
887 4711 958 4796 liet,
970 4711 1127 4811 quoniam
1135 4737 1194 4808 ego
1204 4709 1262 4782 viri
1270 4736 1336 4781 non
1351 4735 1509 4807 cognosco
1523 4719 1706 4778 contactum
1715 4706 1771 4776 ¹ln

201 4870 253 4886 —-
272 4831 391 4904 Verum
415 4831 515 4930 igitur
538 4832 660 4931 recepit
683 4831 738 4903 illa
763 4859 981 4932 responsum:
1009 4831 1174 4931 «Spiritus
1190 4809 1342 4902 'Sanctus
1371 4828 1477 4901 veniet
1500 4827 1534 4899 in
1560 4840 1591 4899 te
1618 4839 1650 4898 et
1674 4826 1772 4897 virtus

203 4951 382 5023 «Altissimi
399 4949 609 5025 obumbrabit
633 4979 731 5052 super
752 4966 782 5025 ιε
790 4957 842 5024 ’.ε
862 4954 933 5038 Αει,
947 4979 1011 5054 qua
1029 4952 1154 5024 ratione
1167 4951 1325 5034 Verbum,
1339 4949 1429 5050 quod
1445 4961 1514 5020 erat
1531 4975 1550 5018 a
1566 4948 1650 5032 Deo,
1662 4960 1773 5046 postea

203 5069 265 5142 fuit
283 5097 300 5141 a
318 5072 469 5170 Virgine?
485 5073 553 5146 lloc
571 5088 618 5146 est
635 5074 820 5174 prodigium
833 5075 989 5145 scmtanti
1003 5073 1206 5174 impervium.
1223 5067 1508 5155 Quemadmodum
1527 5069 1630 5154 enim,
1646 5082 1772 5168 reperto

241 5341 248 5372 ¹
269 5337 328 5392 bur.
342 5357 365 5401 v,
381 5339 425 5394 3²1.
436 5339 537 5412 Proprie
549 5359 628 5394 usum.
642 5339 767 5394 -21ttc
781 5341 826 5394 35.
