4006 6098
529 553 732 623 SANCTUS
761 551 1024 623 GllEGOltlllS
1054 551 1433 621 TllrlUllb'lUltGUS.
1699 555 1765 625 383

193 701 257 774 lem
278 700 706 803 incomprehensibilemque
724 703 896 775 essentiam
914 701 1105 798 denegabo?
1122 701 1200 774 Novi
1215 714 1262 787 te,
1283 701 1436 786 Domine,
1452 729 1471 773 a
1490 703 1594 802 teipso
1617 715 1648 776 te
1665 701 1766 805 (nos-
1806 717 1807 720 ’

193 822 282 925 cere)
299 824 433 896 edoctus
456 849 528 895 sum
547 854 555 894 :
577 851 673 897 nemo
697 823 784 896 enim
803 837 834 896 te
860 851 953 896 nosse
977 837 1096 923 potest,
1121 823 1183 895 uisi
1201 837 1236 896 tu
1260 823 1444 896 illucescere
1467 823 1497 896 ai
1521 823 1634 897 leceris
1659 824 1765 898 lucem

192 957 301 1029 tuem,
318 958 355 1016 ut
372 969 446 1016 auur
464 943 598 1042 dirigas.
620 945 698 1017 Novi
721 957 768 1028 ta,
789 944 943 1028 Domine,
961 957 993 1016 et
1013 945 1098 1016 bene
1116 944 1181 1016 vidi
1202 958 1234 1017 te
1252 945 1287 1015 in
1305 943 1446 1045 Spiritu,
1465 958 1640 1045 antequam
1660 944 1766 1019 lucem

191 1065 346 1138 viderem.
366 1065 506 1149 Quando
525 1093 595 1136 eras
608 1065 643 1137 in
663 1065 767 1138 Patris
783 1066 829 1138 tui
848 1065 984 1138 coelestis
1000 1065 1192 1165 incorporeo
1206 1065 1296 1148 sinu,
1310 1078 1398 1137 totus
1412 1092 1545 1166 quoque
1563 1093 1634 1140 erae
1647 1067 1682 1139 in
1699 1095 1768 1140 ma·

192 1187 251 1260 tris
270 1201 302 1260 et
318 1186 443 1260 ancillae
461 1200 570 1270 utero,
590 1213 687 1287 quem
705 1199 741 1258 tu
757 1187 966 1270 formaveras,
983 1213 1043 1284 ego
1061 1213 1152 1270 vero,
1166 1187 1201 1258 in
1217 1185 1380 1258 Elisabeth
1399 1200 1524 1272 ventre,
1540 1201 1577 1259 ut
1592 1188 1626 1259 in
1641 1215 1768 1262 carcere

193 1307 352 1392 naturali,
372 1307 537 1390 detentus,
555 1321 587 1380 et
603 1307 637 1380 in
662 1307 790 1380 silentio
815 1305 989 1379 infantium
1015 1306 1294 1381 indissolubilibus
1312 1305 1447 1380 vinculis
1470 1308 1649 1393 revinctus,
1664 1309 1768 1382 exsul·

194 1429 274 1512 tavi,
296 1428 486 1528 tripudiavi,
506 1442 659 1529 tuamque
682 1429 880 1500 nativitatem
900 1431 969 1526 jam
989 1440 1066 1499 tanc
1091 1428 1259 1500 celebravi.
1275 1427 1360 1524 Ego,
1377 1428 1451 1528 qui,
1469 1442 1644 1529 antequem
1666 1457 1767 1514 esses,

193 1550 410 1650 predicebam
425 1550 599 1623 adventum
613 1564 721 1632 tuum,
734 1563 807 1650 post
820 1563 927 1622 ortum
940 1563 1032 1620 tuum
1042 1605 1051 1634 ,
1062 1549 1220 1646 ignorabo
1235 1563 1328 1621 tuum
1345 1549 1518 1621 adventum
1536 1550 1571 1621 in
1587 1550 1767 1623 munduml

195 1671 261 1754 Oui
282 1671 317 1743 in
339 1672 478 1743 inlantia
501 1697 570 1742 mea
595 1670 748 1771 potentie
771 1685 834 1744 tue
859 1671 973 1742 doctor
995 1669 1115 1753 exstiti,
1132 1697 1220 1744 nunc
1243 1670 1417 1769 perlectam
1444 1669 1580 1774 adeptus
1601 1671 1767 1746 scientiam

195 1791 319 1894 (inlans
339 1789 431 1894 evall
447 1791 624 1875 Ceterum,
640 1817 705 1862 non
731 1817 863 1890 possum
887 1815 953 1862 non
977 1803 1008 1862 te
1030 1815 1155 1872 amare,
1172 1791 1227 1890 qui
1250 1789 1291 1860 ab
1314 1791 1403 1862 omni
1425 1791 1588 1863 creatione
1610 1791 1768 1864 adoraris.

195 1913 265 1985 Non
289 1939 420 2013 possam
449 1927 480 1984 ta
506 1939 572 1984 noa
601 1910 793 2011 predicare,
817 1937 918 2011 quum
944 1923 976 1982 te
1001 1911 1117 1983 coelum
1146 1910 1238 1983 stella
1262 1908 1345 1982 duce
1372 1913 1643 2011 premonstravit,
1667 1940 1769 2012 quum

196 2034 255 2106 tibi
280 2048 364 2107 terra
392 2060 451 2135 per
478 2033 589 2131 Magos
615 2032 781 2133 protendit
814 2058 949 2104 manum
981 2059 1090 2115 suam,
1108 2058 1211 2132 quum
1233 2031 1432 2129 Angelorum
1457 2032 1548 2105 chori
1571 2033 1613 2105 de
1635 2034 1714 2107 coelo
1740 2046 1771 2106 te

194 2155 420 2254 glorificarunt
441 2154 634 2254 gaudentes,
653 2181 821 2254 quumque
840 2167 987 2253 pastores
1004 2153 1171 2250 vigilantes
1195 2167 1360 2253 pastorum
1385 2152 1565 2254 principem
1587 2156 1693 2228 ovium
1715 2183 1770 2227 ra-

196 2275 366 2348 tionalium
384 2289 413 2348 te
434 2275 620 2348 laudarunt.
638 2275 708 2347 Non
723 2301 855 2375 possum
873 2289 905 2348 te
925 2288 1084 2374 presente
1101 2287 1224 2360 tacere,
1242 2301 1317 2346 nam
1334 2302 1416 2346 avon
1435 2301 1494 2372 ego
1512 2302 1583 2348 sum
1603 2275 1770 2350 clamantis

197 2395 256 2468 ain
274 2396 399 2468 deserto
417 2426 424 2468 :
445 2395 562 2468 Parate
580 2396 664 2467 viam
685 2395 875 2468 Domini¹.n
892 2395 985 2494 rllgo
1004 2394 1135 2496 indigeo
1156 2409 1193 2468 ut
1210 2422 1228 2467 a
1248 2410 1277 2470 tc
1293 2395 1475 2495 baptizem
1494 2395 1678 2481 Nascendo,
1697 2425 1770 2472 ma·

197 2516 269 2602 tris,
286 2543 359 2616 que
383 2542 435 2588 mc
460 2517 602 2616 peperit,
622 2515 730 2587 curavi
752 2515 969 2602 sterilitatem,
986 2529 1018 2587 et
1040 2515 1147 2588 iulans
1174 2543 1279 2599 eram,
1298 2543 1410 2588 cuma
1436 2529 1467 2588 te
1489 2518 1598 2620 accepi
1618 2517 1767 2594 virtutem

197 2637 315 2736 lingue
337 2637 436 2738 patris
453 2637 516 2710 mci
535 2636 679 2710 solvendi
699 2636 877 2710 silentium.
894 2637 943 2708 'lu
959 2663 1050 2719 vcro,
1069 2637 1207 2710 Domine
1226 2650 1348 2720 noster,
1371 2637 1411 2710 de
1429 2636 1561 2737 Virgine
1580 2651 1692 2720 natus,
1714 2666 1771 2716 vo-

196 2759 301 2846 luisti,
312 2771 360 2840 ot,
376 2773 412 2831 ut
427 2772 461 2830 tu
475 2758 564 2830 solus
577 2759 708 2841 novisti,
720 2758 824 2856 sigilla
838 2758 1030 2856 virginitatis
1047 2759 1117 2857 ejus
1130 2785 1196 2832 non
1215 2757 1353 2844 solvisti,
1366 2757 1423 2832 sad
1438 2773 1471 2832 et
1485 2759 1569 2834 banc
1584 2759 1766 2848 custodisti,

196 2878 306 2984 (130)
331 2894 362 2953 et
379 2879 630 2980 appellationem
656 2880 767 2952 vnatris
787 2879 832 2950 illi
854 2879 971 2978 virgini
997 2879 1148 2952 tribuisti.
1169 2880 1239 2954 Non
1261 2880 1429 2982 impedivit
1443 2881 1609 2980 virginitas
1631 2895 1668 2956 ut
1684 2895 1768 2957 essct

181 3003 230 3075 -in
249 3015 345 3103 partu
361 3016 417 3074 tuo
435 3000 622 3100 impolluta,
643 3027 748 3099 neque
764 3014 876 3100 partus
898 3013 972 3071 tuus
989 2999 1204 3100 virginitatem
1222 2999 1337 3072 solvit:
1356 3001 1390 3072 in
1409 3027 1511 3074 unum
1530 3001 1634 3074 loedus
1652 2997 1769 3076 cucur-

195 3136 308 3195 rerunt
332 3149 380 3194 res
400 3122 536 3192 maxime
559 3120 730 3221 oppositae,
747 3133 876 3220 partus,
895 3120 1047 3220 inquam,
1064 3132 1161 3220 atque
1181 3120 1365 3217 virginitas,
1383 3121 1538 3220 quoniam
1557 3123 1601 3194 ita
1618 3122 1677 3195 tibi
1695 3124 1769 3224 pla-

194 3243 277 3324 cuit,
294 3243 352 3314 tibi
367 3242 425 3342 qui
445 3267 479 3314 es
497 3254 620 3313 naturae
635 3239 820 3338 plasmator.
838 3239 906 3336 Ego
926 3240 1024 3311 homo
1045 3239 1200 3312 duntaxat
1219 3265 1306 3324 sum,
1324 3239 1440 3312 divine
1457 3242 1618 3342 particeps
1637 3242 1768 3314 babitus

194 3363 320 3462 gratie;
339 3377 373 3434 tu
393 3389 466 3434 vero
486 3361 572 3434 Deus
587 3387 622 3433 es
639 3387 748 3445 verus,
762 3361 820 3461 qui
837 3374 971 3462 propter
989 3360 1126 3432 salutem
1144 3373 1284 3432 nostram
1304 3351 1421 3461 corpus
1439 3362 1591 3446 induisti,
1607 3362 1681 3435 licet
1695 3391 1768 3436 mu·

193 3498 279 3558 tatus
297 3511 362 3556 non
379 3484 479 3555 lucris
502 3483 535 3554 in
553 3509 702 3566 cernam,
721 3483 798 3582 quia
819 3509 909 3555 amas
927 3482 1087 3556 homines.
1107 3481 1200 3579 «Ego
1219 3481 1350 3580 indigeo
1371 3495 1407 3554 ut
1427 3510 1445 3554 a
1461 3495 1492 3555 te
1509 3483 1663 3585 baptizer,
1680 3497 1711 3557 et
1731 3498 1766 3557 tu

191 3605 306 3678 evenis
323 3604 475 3677 admeto
493 3603 542 3676 'l'u
559 3601 723 3678 «Verbum
742 3593 833 3705 quod
850 3605 884 3677 in
904 3603 1065 3704 principio
1087 3617 1156 3676 erat
1173 3602 1262 3704 apud
1280 3603 1384 3676 Deum
1395 3608 1450 3688 le,
1468 3617 1501 3676 tu
1525 3605 1678 3706 splendor
1694 3605 1768 3704 glo-

185 3729 297 3800 riosus
319 3726 429 3826 glorie
455 3727 573 3810 Patris,
593 3739 628 3798 tu
653 3725 786 3825 perlecti
811 3725 916 3798 Patris
941 3726 1049 3824 imago
1072 3725 1231 3825 perlaeta,
1249 3738 1284 3797 tu
1306 3725 1384 3798 slus
1406 3752 1482 3799 vcra
1506 3754 1579 3828 quae
1604 3728 1768 3801 illuminat

194 3875 349 3922 somnem
366 3847 531 3921 bominem
550 3847 731 3920 venientem
753 3847 787 3918 in
805 3844 1029 3932 mandante,
1046 3859 1080 3940 tu
1097 3847 1157 3947 qui
1172 3873 1244 3918 eras
1263 3847 1298 3919 in
1313 3848 1437 3920 mundo
1453 3861 1486 3920 et
1502 3849 1557 3949 qui
1580 3849 1693 3921 venisti
1710 3851 1767 3922 ubi

192 3997 279 4055 eras,
298 3984 333 4042 tu
354 3969 412 4070 qui
434 3996 563 4042 carnem
586 3966 793 4068 impollutam
816 3981 849 4040 et
868 3967 1110 4061 immaculatam
1132 3968 1333 4068 assumpsisti
1352 3995 1388 4040 cx
1411 3995 1529 4068 genere
1551 3969 1607 4041 illo
1626 3969 1720 4070 quod
1737 3984 1767 4043 te

192 4091 234 4164 ad
247 4093 331 4164 viam
347 4104 588 4192 provocaverat,
605 4103 640 4162 tu
656 4089 714 4190 qui
732 4091 817 4162 inter
835 4117 893 4161 nos
908 4116 1015 4162 servos
1029 4101 1101 4162 tuos
1120 4089 1291 4174 habitasti,
1307 4103 1342 4162 tu
1362 4090 1421 4192 qui
1437 4092 1616 4192 apparuisti
1634 4104 1666 4163 et
1682 4091 1768 4164 visus

190 4214 281 4286 luisti
303 4213 386 4285 sicut
412 4239 536 4296 servus,
563 4212 679 4312 tuqui
707 4223 799 4284 terre
823 4211 940 4283 coelam
968 4212 1160 4311 conjunxisti
1184 4225 1216 4284 et
1242 4239 1358 4312 corpus
1382 4225 1476 4284 tuum
1506 4223 1652 4285 sanctum
1674 4213 1767 4313 quasi

191 4348 323 4435 pontem
347 4333 495 4418 effecisti,
512 4346 572 4406 atu
593 4313 683 4405 venis
707 4331 748 4404 ad
772 4333 888 4404 mella
909 4333 974 4418 Tu,
994 4334 1052 4433 qui
1075 4347 1184 4406 tantus
1208 4359 1257 4416 cs,
1278 4335 1366 4406 venis
1389 4333 1431 4406 ad
1448 4336 1521 4406 mc!
1542 4333 1605 4408 Rex
1623 4334 1665 4406 ad
1683 4361 1768 4406 nun·

191 4457 317 4527 cium⁵l
335 4454 467 4527 Etiamsi
486 4480 550 4526 noa
569 4453 739 4525 erubueris
757 4479 883 4552 pauper
889 4453 1091 4544 humillimis
1114 4454 1184 4526 lieri
1202 4453 1325 4538 modis,
1342 4481 1402 4553 ago
1425 4468 1531 4526 tamen
1555 4468 1677 4528 naturae
1697 4468 1768 4528 ter·

191 4577 297 4648 minos
320 4576 484 4676 preterire
512 4600 577 4646 non
605 4601 747 4674 possum.
773 4575 851 4647 Novi
879 4575 967 4648 enim
993 4587 1151 4675 quantum
1179 4575 1265 4646 inter
1291 4576 1456 4647 cinereml
1471 4587 1503 4648 et
1520 4573 1706 4648 Creatorem
1726 4577 1767 4648 sit

192 4695 381 4780 discrimem
396 4695 469 4768 novi
485 4707 607 4796 quauta
625 4695 666 4767 sit
683 4696 873 4794 magnitudo
891 4709 965 4780 tua,
979 4723 998 4768 o
1012 4695 1069 4768 Sol
1083 4695 1227 4793 justitie.
1239 4696 1279 4768 Et
1296 4696 1371 4768 licet
1387 4723 1471 4796 puro
1486 4696 1622 4768 amictus
1639 4697 1682 4769 sis
1696 4697 1766 4769 velo

191 4818 310 4900 carnis,
331 4845 390 4914 ego
413 4831 522 4890 umen
550 4817 616 4888 scio
638 4819 837 4916 majestatem
856 4829 888 4890 et
903 4817 1060 4890 confiteor
1084 4815 1284 4892 divinitatem
1309 4830 1411 4890 tuam.
1431 4817 1497 4915 Ego
1526 4805 1592 4892 scio
1622 4845 1766 4892 maesse

171 4951 387 5021 .creetumuv,
400 4965 459 5037 ego
476 4939 617 5039 predico
629 4938 784 5010 vilitatem
799 4965 917 5011 meam.
932 4938 1029 5011 «Non
1043 4964 1115 5010 sum
1130 4936 1249 5035 dignas
1265 4951 1303 5009 ut
1316 4938 1437 5010 solvam
1454 4938 1767 5044 corrigiamscalcca·

191 5060 318 5130 ementi
335 5059 440 5145 tui⁷,>r
462 5073 494 5132 et
516 5087 582 5162 quo
603 5073 694 5164 pacto
720 5059 848 5132 audebo
874 5058 1026 5132 accedere
1046 5085 1201 5158 meosque
1224 5072 1345 5130 creatos
1368 5057 1560 5159 protendere
1583 5059 1702 5160 digitos
1723 5060 1765 5133 ed

228 5239 236 5272 ¹
255 5234 347 5308 lietb,
362 5255 406 5300 ιιι,
420 5237 450 5301 ὃς
466 5235 543 5292 um.
559 5257 580 5302 ι,
597 5239 628 5303 ὃς
641 5236 701 5293 boc.
712 5255 755 5301 ιιι,
771 5237 801 5302 a,
815 5234 900 5292 laona.
917 5255 940 5297 r,
954 5237 1073 5292 23.-¹
1091 5234 1177 5290 Ιοιιιιιι.
1193 5253 1216 5300 ι,
1232 5238 1328 5290 r.-³
1347 5233 1405 5290 lbtd.
1419 5253 1479 5309 ¹⁹9·
1492 5237 1551 5278 -'¹
1570 5235 1647 5292 bloet.
1661 5255 1704 5300 ιιι,
1723 5240 1766 5294 rt.

190 5361 218 5371 -κ
244 5333 255 5364 ⁵
274 5329 317 5385 Gr.
332 5327 390 5384 add.
408 5327 563 5390 aldeardem
579 5333 650 5405 upds
664 5333 709 5384 τὸν
724 5327 826 5383 δοῦλον.
843 5333 902 5371 -0
921 5329 964 5384 Gr.
977 5337 1033 5398 γῆς.
1049 5331 1112 5370 -l
1130 5327 1190 5383 tec.
1202 5347 1247 5392 ιιι,
1264 5328 1311 5395 163
1323 5326 1408 5384 loona.
1425 5348 1447 5394 r,
1460 5349 1503 5403 ⁹7·
