3990 6092
230 519 297 585 278
581 519 752 585 parauit
785 518 1184 590 ANTENICAENORUM
1212 519 1447 588 illituum.

229 663 1052 767 meam,multumquedoctissima1113etecclcsiam
1076 696 1148 768 quae
1170 669 1202 739 in
1224 668 1324 740 'domo
1345 670 1461 770 ipsius,
1482 669 1514 739 in
1535 697 1598 768 qua
1621 683 1669 740 est
1691 669 1801 741 anima

229 815 316 870 mea,
334 801 366 859 et
383 816 455 886 quae
472 788 554 858 lacta
577 800 623 859 est
646 789 807 890 exemplar
827 803 858 861 et
877 789 983 886 imago
999 790 1128 888 piarum
1152 789 1326 861 mulierum
1339 796 1360 862 ¹.
1386 791 1509 862 Sanum
1533 805 1565 862 et
1585 791 1800 890 approbatum

230 909 326 980 Pater
341 908 474 992 Christi,
488 935 545 1008 per
561 909 769 1006 Unigenitum
785 938 898 993 suum,
914 923 943 980 te
961 910 1059 1008 longo
1076 925 1218 1010 tempore
1234 912 1393 983 custodiat
1409 911 1450 981 ad
1469 911 1640 982 utilitatem
1653 911 1800 983 Ecclesiae

230 1030 300 1100 Dei.
318 1030 395 1101 Vale
414 1030 447 1100 in
464 1031 621 1114 Domino,
639 1042 670 1101 ct
687 1058 744 1102 ora
762 1059 820 1132 pro
835 1059 885 1102 me
904 1046 941 1103 ut
957 1033 1105 1131 perficiar
1123 1029 1246 1131 (256).

999 1357 1033 1428 ll

463 1548 635 1611 PARITER
660 1549 752 1609 ALIA
780 1547 975 1610 lll'lS'l'OLh
1002 1547 1143 1609 SANC'l'l
1171 1547 1322 1610 lGNA'l'll
1349 1547 1568 1618 MARTYRlS,

254 1712 351 1776 Quuu
371 1711 872 1775 vouaurruuuruuuuu,1.1t
889 1711 953 1776 Qut
970 1711 1060 1766 rum
1078 1711 1189 1773 uuum
1206 1711 1306 1776 Quart
1323 1711 1485 1766 scurpslr
1501 1711 1548 1766 iu
1565 1711 1772 1768 SMYRNAEOS.

283 1918 426 2014 Ignatius
441 1917 653 2018 Theophorus
670 1918 728 2017 qui
743 1917 853 1989 scribit
862 1916 1008 1989 Ecclesia
1023 1917 1081 1989 Dei
1096 1915 1213 2000 Patris,
1227 1918 1360 2016 ejusque
1376 1915 1484 1988 dilecti
1500 1916 1569 1989 Filii
1579 1915 1654 1988 lesu
1666 1917 1802 1998 Christi,

231 2038 485 2111 misericordiam
502 2052 680 2112 consecutae
696 2039 730 2110 in
748 2039 837 2110 omni
850 2039 968 2136 gratia,
981 2039 1131 2139 perlectae
1143 2039 1177 2109 in
1194 2037 1258 2110 side
1276 2052 1308 2109 et
1322 2037 1493 2123 charitate,
1506 2037 1595 2111 nullo
1611 2039 1803 2111 charismate

230 2161 367 2244 carenti,
385 2161 452 2232 Deo
468 2159 608 2260 placenti
626 2174 657 2231 et
677 2159 872 2243 sanctilerae,
891 2159 1036 2230 existenti
1055 2160 1089 2230 in
1107 2160 1245 2257 Smyrna
1264 2160 1362 2240 Asiae
1382 2159 1414 2230 in
1433 2159 1555 2258 Spiritu
1577 2159 1636 2232 Dei
1655 2173 1686 2231 et
1703 2160 1802 2232 verbo

231 2295 339 2354 sancto
355 2282 531 2382 plurimum
548 2281 699 2378 gaudere.

282 2459 306 2529 l.
336 2457 487 2530 Glorilico
498 2457 608 2529 lesum
620 2455 816 2541 Christum,
831 2457 887 2558 qui
905 2459 948 2530 ita
964 2484 1018 2529 ros
1034 2458 1193 2558 sapientes
1204 2456 1288 2529 lecit.
1306 2457 1450 2530 Intellexi
1468 2459 1555 2529 enim
1571 2485 1625 2530 vos
1644 2459 1802 2558 perlectos

230 2579 264 2649 in
282 2577 441 2650 immobili
458 2577 539 2662 lide,
551 2578 643 2678 quasi
659 2577 818 2649 clavifixos
834 2577 869 2649 in
885 2605 977 2650 cruce
993 2577 1125 2650 Domini
1138 2580 1214 2650 lesu
1233 2578 1367 2663 Christi,
1382 2605 1478 2651 carne
1491 2579 1522 2650 et
1535 2579 1665 2678 spiritu3
1682 2594 1714 2651 et
1726 2606 1804 2652 con·

232 2699 374 2771 firmatos
397 2699 432 2769 in
457 2699 611 2771 charitate
634 2699 667 2768 in
687 2697 845 2795 sanguine
868 2698 1000 2785 Christi3
1020 2726 1092 2770 vere
1115 2705 1374 2772 consummatos³
1388 2700 1422 2773 in
1451 2699 1627 2772 Dominum
1654 2714 1802 2774 nostrum

232 2818 417 2892 existentem
433 2819 607 2918 degenere
628 2818 730 2892 Dauid
742 2817 926 2892 secundum
944 2847 1090 2904 carnem,
1110 2833 1142 2892 et
1159 2820 1262 2891 filium
1281 2819 1341 2897 Dei
1358 2819 1536 2894 secundum
1556 2820 1754 2896 voluntatem
1772 2833 1805 2892 et

230 2940 381 3012 virtutem
399 2940 473 3025 Dei3
491 2967 563 3012 vere
577 2941 722 3039 genitum
738 2968 774 3012 ex
789 2941 936 3038 Virgine,
952 2939 1148 3050 baptizatum
1166 2970 1185 3014 a
1201 2940 1342 3020 Ioanne,
1361 2955 1398 3014 ut
1415 2941 1563 3042 impleret
1585 2969 1715 3014 omnem
1728 2942 1804 3041 jus-

233 3061 373 3148 titiam⁴3
391 3089 464 3134 rere
480 3061 540 3133 suh
559 3061 674 3134 Pontio
691 3061 793 3134 Pilato
812 3076 844 3134 ct
858 3063 987 3136 Herode
1006 3062 1165 3136 tetrarcha
1181 3062 1358 3135 clavitixum
1374 3090 1433 3162 pro
1455 3061 1547 3134 nobis
1564 3063 1598 3134 in
1618 3090 1713 3137 carne
1728 3093 1737 3132 ε
1751 3064 1803 3135 cui

233 3210 291 3255 nos
309 3183 611 3292 adpropinquamur
630 3211 665 3256 ex
681 3183 786 3256 lructu
806 3185 907 3256 beatae
930 3183 1041 3256 mortis
1058 3183 1163 3280 ejus⁵;
1180 3198 1217 3256 ut
1233 3184 1316 3256 levet
1338 3184 1466 3280 signum
1486 3183 1521 3262 in
1542 3182 1726 3268 seculum⁶,
1747 3211 1805 3282 per

233 3304 517 3390 resurrectionem,
532 3305 565 3379 in
578 3320 725 3378 sanctum
740 3319 771 3378 et
782 3305 931 3378 fidelem⁷
948 3304 1064 3408 ipsius,
1081 3318 1112 3378 et
1130 3305 1163 3377 in
1182 3304 1302 3378 Judaeis
1318 3306 1397 3377 etin
1413 3303 1579 3404 gentibus,
1596 3303 1631 3376 in
1651 3309 1805 3404 corpore⁸

233 3426 380 3498 Ecclesiae
398 3453 474 3498 suae.

285 3605 325 3676 ll.
355 3605 430 3676 llaec
448 3606 557 3676 omnia
578 3605 729 3677 sustinuit
749 3616 781 3674 et
797 3631 857 3703 pro
878 3605 971 3675 nohis
987 3609 1011 3673 ⁹.
1035 3603 1074 3675 Et
1095 3631 1167 3675 vere
1185 3617 1331 3676 mortuus
1354 3609 1449 3686 est¹⁶‚
1467 3606 1560 3676 sicuti
1582 3617 1615 3676 et
1635 3603 1805 3676 resurrexit

234 3726 420 3799 in'veritate.
435 3726 522 3808 Non,
538 3723 814 3825 quemadmodum
829 3724 977 3798 infideles
996 3723 1128 3823 quidam
1142 3724 1269 3808 dicunt,
1283 3725 1317 3796 in
1328 3726 1433 3825 specie
1447 3726 1514 3797 haec
1525 3725 1692 3809 accidisse,
1709 3725 1769 3825 ipsi
1780 3728 1803 3773 ¹¹

234 3861 309 3919 sunt
324 3848 467 3948 species:
488 3844 764 3946 quemadmodum
784 3844 931 3945 sapiunt,
950 3845 1006 3916 sret
1031 3845 1124 3946 ipsis,
1149 3846 1356 3918 existentibus
1374 3845 1541 3919 daemoniis
1560 3847 1802 3949 incorporeisffl.

285 4023 341 4094 lll.
370 4023 438 4118 Ego
452 4021 538 4093 enim
549 4021 945 4121 {rostquamresurrexitin
957 4049 1053 4094 carne
1067 4021 1173 4121 ipsum
1187 4022 1252 4093 scio
1263 4077 1272 4106 ‚
1284 4037 1315 4094 et
1327 4023 1371 4093 ita
1385 4049 1459 4093 eum
1473 4023 1569 4094 credo
1579 4029 1615 4093 ¹⁸.
1631 4025 1770 4106 Quando
1780 4029 1805 4068 ¹²

234 4157 342 4215 autem
355 4142 398 4214 ad
415 4142 538 4242 eosqui
551 4170 623 4213 cum
638 4142 732 4214 Petro
746 4144 847 4228 venit,
864 4143 909 4215 ait
927 4143 1023 4244 ipsis:
1037 4140 1318 4243 arlpprehenrlite,
1329 4143 1458 4244 palpate
1475 4171 1528 4215 me
1543 4157 1574 4214 et
1589 4143 1709 4227 videte,
1721 4171 1807 4241 quo-

236 4263 348 4334 aniam
359 4289 425 4334 non
437 4289 508 4335 sum
519 4262 716 4336 daemonium
727 4265 992 4366 incorporemus
1004 4265 1179 4338 Confestim
1191 4269 1331 4336 autem¹⁵
1341 4265 1447 4364 ipsum
1459 4265 1648 4362 tetigerunt,
1659 4276 1689 4335 et
1700 4259 1807 4335 credi-

235 4384 368 4468 derunt,
380 4411 478 4484 quem
494 4411 590 4457 earne
606 4400 637 4458 et
653 4386 769 4486 spiritu
787 4387 856 4485 ejus
872 4385 1159 4487 apprehenderunt
1167 4389 1204 4458 ¹⁰.
1219 4385 1354 4485 Propter
1366 4385 1427 4457 hoe
1444 4397 1475 4457 et
1485 4399 1621 4457 mortem
1635 4398 1807 4486 contemp-

271 4641 279 4674 ¹
300 4637 377 4692 Grec.
388 4637 417 4696 ἧς
428 4637 567 4708 ἄντίψυχον
580 4643 704 4706 yenolpav
717 4640 747 4690 τὸ
758 4638 982 4713 ἐξεμπλάριοντῶν
1057 4658 1073 4691 u
1088 4637 1167 4692 divine
1183 4637 1253 4692 toute
1266 4640 1342 4710 hrains
1356 4639 1475 4712 poesim.
1486 4669 1523 4680 -
1536 4643 1547 4672 ⁴
1564 4639 1607 4692 Gr.
1622 4639 1663 4690 tat.
1681 4644 1707 4694 el
1720 4656 1767 4710 syr.
1782 4639 1807 4690 in

234 4729 344 4785 tuasne
357 4735 556 4801 mausueta-²
577 4733 619 4786 Gr.
635 4737 660 4786 et
672 4731 714 4785 lat.
727 4729 774 4802 op.
784 4731 823 4784 cit.
840 4751 864 4805 p.
878 4731 943 4794 roh,
957 4737 982 4784 et
1056 4729 1154 4784 secute
1166 4761 1202 4770 —
1214 4733 1223 4762 ⁷
1244 4731 1287 4786 Gr.
1307 4731 1348 4785 lat.
1369 4740 1394 4785 et
1407 4751 1454 4804 syr.
1473 4733 1498 4784 in
1514 4741 1607 4784 eanetm
1628 4740 1651 4782 et
1661 4729 1759 4802 fideles.
1770 4759 1806 4771 -

235 4824 400 4900 fragmentum
420 4823 541 4896 syriacum
560 4823 592 4877 ab
608 4824 663 4898 ipso
681 4823 784 4878 Cmeton
800 4823 894 4877 editum
909 4822 980 4895 (itit.
1056 4825 1067 4856 ⁸
1081 4823 1125 4879 Gr.
1141 4823 1182 4878 tat
1198 4829 1224 4877 et
1237 4842 1285 4894 syr.
1297 4823 1322 4876 ia
1339 4843 1385 4877 aaa
1398 4844 1503 4896 corpore·
1513 4855 1544 4864 -
1561 4827 1571 4855 ⁹
1590 4823 1644 4880 Lat.
1656 4831 1682 4878 et
1697 4841 1745 4896 syr.
1761 4820 1807 4876 ad-

235 4937 291 4994 peg.
308 4919 376 4988 arlr)
390 4917 487 4974 addunt
500 4915 586 4972 Deera.
597 4949 634 4957 --
646 4920 656 4951 ³
675 4916 770 4972 Clarius
780 4935 827 4989 syr.
842 4927 934 4970 certum
948 4928 982 4972 ret
1057 4916 1121 4971 dunt
1134 4927 1162 4972 ut
1175 4916 1303 4971 iutuemur.
1313 4949 1351 4958 -
1361 4920 1379 4952 ¹⁰
1390 4919 1433 4972 Gr.
1452 4917 1494 4970 lat.
1508 4925 1534 4970 et
1548 4935 1595 4989 syr.
1608 4935 1697 4990 pesam
1716 4927 1758 4970 ext.
1769 4947 1806 4956 -—

235 5011 297 5066 votis
310 5009 438 5066 &minum
448 5023 556 5066 nostrum
567 5029 621 5065 uere
635 5031 685 5066 me
696 5011 819 5086 degenere
832 5009 925 5073 David,
935 5017 981 5064 etc.
1058 5014 1075 5045 ¹¹
1095 5011 1140 5065 Gr.
1158 5011 1199 5066 lat.
1213 5018 1238 5064 et
1248 5030 1296 5084 syr.
1311 5011 1461 5064 rumeitaoit
1476 5010 1587 5084 seipsum.
1595 5012 1655 5051 —¹²
1675 5009 1718 5064 Gr.
1729 5016 1754 5064 et
1765 5009 1806 5064 lut.

234 5135 271 5145 -
286 5105 296 5141 ⁸
311 5105 354 5160 Gr.
376 5105 420 5160 lat.
439 5112 465 5161 et
488 5125 535 5180 syr.
552 5117 578 5159 ut
597 5105 727 5178 impleatur
745 5105 820 5160 omnir
833 5103 933 5176 justitio
952 5105 982 5158 ab
1058 5105 1233 5178 ireeoqrcreiset
1244 5105 1403 5158 dmoniacic.
1414 5105 1474 5144 -¹³
1494 5105 1537 5159 Gr.
1546 5104 1618 5157 etlat.
1630 5115 1653 5158 et
1665 5102 1734 5158 credo
1746 5105 1808 5158 ecia-

234 5198 293 5268 ipro.
304 5201 365 5239 -⁵
381 5199 424 5253 Gr.
437 5205 462 5253 et
475 5199 518 5253 lat.
528 5221 545 5254 a
559 5199 725 5273 cujuesructu
738 5219 793 5262 tter,
809 5220 824 5253 a
839 5197 916 5254 divine
928 5197 983 5254 heu·
1059 5210 1150 5254 totitem.
1160 5231 1198 5241 -
1211 5200 1228 5233 ¹²
1247 5199 1290 5254 Gr.
1304 5205 1329 5252 et
1343 5199 1384 5252 lat.
1400 5209 1422 5251 et
1437 5197 1541 5272 quondo.
1554 5231 1590 5238 —
1604 5201 1621 5232 ¹³
1637 5199 1680 5253 Gr.
1694 5205 1718 5252 et
1729 5197 1770 5252 lat.
1786 5209 1808 5250 et

235 5291 326 5344 tr'erima
339 5292 539 5364 ipeiurpaxeiene.
551 5295 642 5366 Syriis:
653 5294 826 5367 canaescuctux
834 5313 876 5346 nor
886 5313 981 5356 turnus,
1058 5294 1187 5365 corfirxtim.
1196 5326 1231 5333 -
1241 5295 1258 5327 ¹⁶
1278 5293 1329 5347 Lat.
1344 5292 1442 5346 correieti
1456 5311 1526 5346 <mare
1539 5293 1614 5365 ipsios
1627 5303 1650 5346 et
1662 5293 1757 5365 spiritu
1834 5313 1840 5326 .
