3990 6092
270 547 337 616 330
621 548 797 616 PATRUII
823 548 1223 618 INTENICAENORUII
1249 549 1487 618 ANILECTI.

1039 862 1066 933 x

598 1072 738 1136 SINC'II
760 1073 994 1144 HIPPOLYTI,
1015 1073 1199 1136 EPISCOPI
1214 1075 1270 1136 -EI'
1290 1073 1509 1164 NAR'I'YRIS,

266 1237 311 1292 IIII
332 1221 498 1292 SENIIONE
518 1235 566 1290 DII
587 1234 881 1290 RESURRECTIONE
900 1234 946 1289 In
968 1234 1155 1290 NIAItIllIlIIAllI
1176 1235 1455 1300 IIIPIIRA'I'RICEII,
1477 1238 1513 1291 IN
1535 1235 1610 1303 QUO
1631 1237 1846 1295 COIIIIIENI'A·

308 1329 381 1384 'I’IIR
396 1328 513 1384 VERBA
528 1329 677 1384 DUAIIUIII
698 1327 951 1383 EPISTOLARUII
966 1327 1012 1382 AI)
1030 1328 1251 1384 CORINTHIOS
1266 1329 1349 1395 QUAE
1363 1328 1411 1384 AR
1424 1331 1512 1385 IDEII
1529 1331 1718 1386 ORJIIC'IUII
1738 1334 1845 1388 REEE·

310 1423 464 1478 RUN'IUR.
478 1422 557 1476 IIAEC
572 1421 694 1477 AU'IEII
708 1421 868 1476 IIIIIIIAEA
881 1419 999 1476 IIA'I'ER
1013 1421 1098 1476 FUIT
1111 1421 1330 1487 Abstrahunt,
1341 1421 1568 1478 nohtnoattu
1584 1423 1845 1488 INPERA'IORIS,

310 1516 374 1582 QUI
395 1515 566 1570 SUSCEPI'I
588 1515 734 1569 REGNUM
756 1514 847 1569 POST
864 1514 1091 1577 ANTONINUII,
1108 1515 1155 1569 U'I
1175 1515 1317 1571 SCRIRII'
1334 1515 1507 1571 EUSERIUS
1527 1517 1561 1570 IN
1579 1518 1627 1571 VI·
1641 1517 1748 1574 LIRRO
1765 1520 1845 1574 IIIS·

309 1609 427 1662 'IORIAE
444 1607 735 1662 ECCLESIAS'IICAE.

318 1795 355 1868 A.
383 1795 459 1866 Haec
475 1808 522 1866 est
538 1821 634 1867 causa
653 1794 810 1866 haereseos
832 1793 1062 1866 NicolaItarum
1082 1825 1089 1864 :
1109 1793 1258 1866 Nicolaus
1278 1794 1332 1867 ille
1357 1823 1441 1867 unus
1462 1809 1531 1868 erat
1553 1795 1762 1870 diaconorum
1785 1801 1846 1900 qui

266 1917 307 1988 ah
323 1916 415 1989 initio
431 1915 565 1988 luerunt
578 1915 685 2002 electi,
703 1930 739 1988 ut
751 1915 947 1988 notatur¹in
964 1913 1047 1987 libro
1064 1916 1236 1988 Actuum².
1257 1915 1319 1988 Istc
1338 1915 1551 2020 etiam,(62)
1563 1932 1711 1990 extraneo
1725 1919 1844 2020 spiritu

265 2037 440 2140 impulsus,
459 2039 607 2138 primus³
629 2036 713 2110 hanc
733 2036 881 2109 haeresim
903 2035 1095 2121 introduxit,
1115 2036 1249 2110 dicens*
1268 2039 1535 2111 resurrectionem
1555 2041 1625 2138 jam
1646 2041 1744 2113 luisse
1760 2069 1842 2142 per-

266 2173 380 2232 actam.
400 2152 679 2232 Resurrectionem
704 2159 791 2230 enim
815 2158 850 2230 in
873 2185 911 2231 eo
935 2160 1077 2260 ponebat
1092 2171 1129 2230 ut
1152 2158 1225 2260 quis
1247 2159 1381 2231 credens
1398 2159 1432 2232 in
1455 2159 1618 2234 Christum
1638 2161 1840 2262 baptismum

265 2281 456 2382 susciperet3
482 2280 623 2380 corporis
645 2293 755 2352 autem
776 2280 1045 2353 resurrectionem
1072 2307 1139 2353 non
1163 2280 1364 2353 admittebat.
1384 2280 1432 2354 Ab
1455 2279 1515 2353 isto
1540 2281 1595 2352 alii
1618 2309 1729 2354 causas
1754 2285 1843 2355 nacti

265 2401 368 2474 varias
385 2401 561 2474 excitarunt
578 2401 727 2473 haereses.
746 2400 945 2501 Speciatim⁵
961 2426 1036 2474 vero
1054 2400 1155 2473 exorti
1173 2413 1250 2472 sunt
1267 2399 1344 2474 dicti
1363 2400 1522 2486 Gnostici,
1536 2429 1572 2473 ex
1591 2402 1709 2504 quibus
1727 2410 1842 2476 erant⁶

267 2521 461 2624 Hymenaeus
482 2534 514 2594 et
530 2520 694 2603 Philetus,
713 2520 753 2593 de
772 2521 892 2622 quibus
907 2521 1050 2596 scribens
1067 2520 1240 2624 Apostolus
1260 2521 1361 2595 dicit:
1379 2521 1555 2626 «ῌίοειιῑεε
1571 2524 1841 2597 resurrectionem

268 2645 359 2743 ojam
377 2669 445 2715 esse
462 2643 595 2726 sacram,
610 2654 643 2714 et
656 2641 884 2716 subverterunt
900 2641 1118 2744 quorumdam
1136 2641 1297 2716 fidem⁷.o

320 2829 356 2900 B.
385 2828 503 2912 Porro,
530 2853 633 2927 quum
656 2826 759 2900 multa
780 2828 944 2900 contentio
968 2841 1001 2901 et
1022 2855 1140 2927 magna
1162 2827 1317 2901 dissentio
1340 2830 1423 2902 laeta
1448 2830 1560 2904 luisset
1578 2831 1742 2916 Corinthi,
1761 2845 1841 2905 tunc

268 2948 460 3022 dubitabat⁸
473 2947 662 3049 Apostolus,
675 2963 708 3022 et
725 2948 857 3050 quidem
872 2950 1026 3034 maxime,
1044 2950 1085 3023 ad
1101 2977 1199 3051 quem
1217 2951 1345 3050 primo⁹
1359 2951 1555 3053 respondere
1570 2951 1724 3026 deberet:
1740 2981 1783 3026 an
1797 2954 1840 3026 ad

267 3070 341 3144 illos
362 3071 420 3171 qui
440 3071 556 3144 Ialsam
578 3070 758 3144 doctrinam
782 3069 1051 3156 introducebant,
1075 3071 1342 3145 resurrectionem
1369 3061 1474 3144 carnis
1499 3071 1713 3172 denegantes,
1732 3101 1774 3147 an
1797 3075 1839 3148 ad

266 3191 340 3266 illos
362 3192 421 3293 qui
441 3192 522 3291 Iegis
539 3193 745 3265 ceremonias
754 3196 782 3240 ¹⁰·
802 3192 1016 3278 inducebant,
1040 3193 1240 3266 declinantes
1250 3196 1307 3264 ¹¹o
1326 3193 1468 3290 gratia¹2
1483 3192 1617 3278 Christi,
1642 3221 1715 3294 que
1732 3196 1839 3268 Inerat

268 3315 367 3387 effuso
386 3313 472 3387 inter
489 3327 612 3412 gentes.

318 3493 353 3564 C.
383 3491 419 3563 ln
437 3490 498 3563 hac
521 3517 616 3563 causa
634 3517 701 3562 non
717 3488 891 3590 paululum
909 3489 1029 3562 laboris
1046 3489 1087 3560 ab
1104 3489 1255 3589 Apostolo
1271 3504 1456 3592 susceptum
1474 3489 1629 3564 videmus.
1647 3491 1772 3576 Quare,
1788 3489 1837 3562 illi

268 3611 483 3696 adherentes,
501 3612 597 3684 verba
621 3638 693 3712 quae
712 3609 849 3711 protulit
872 3611 1113 3710 inquisivimus,
1133 3623 1169 3683 ut
1186 3637 1258 3710 quae
1282 3611 1402 3712 optima
1424 3611 1574 3698 tradidit,
1589 3626 1712 3686 servata
1733 3639 1840 3714 quan-

226 3791 228 3794 .
266 3745 343 3823 tum,
360 3733 431 3805 lieri
453 3746 574 3833 potest,
592 3731 635 3805 ad
652 3757 764 3804 omncs
783 3729 932 3802 homines
955 3731 1013 3830 qui
1032 3731 1181 3804 invocant
1197 3758 1316 3805 nomen
1335 3731 1468 3807 Domini
1489 3733 1606 3819 nostri,
1621 3734 1836 3832 perveniant:

267 3847 396 3953 quodsi
413 3852 455 3924 ad
472 3879 585 3924 omnes
600 3851 751 3924 homines
768 3850 934 3952 pervenire
951 3877 1018 3923 non
1035 3866 1187 3952 possunt,
1201 3852 1315 3925 saltem
1330 3852 1372 3926 ad
1387 3880 1442 3926 eos
1459 3855 1517 3956 qui
1531 3853 1623 3953 digni
1637 3868 1715 3927 sunt
1727 3879 1839 3954 perve-

269 3975 372 4046 niant.
391 3971 477 4075 (63)

319 4150 359 4224 D.
388 4149 581 4224 «Habemus
606 4163 715 4224 autem
727 4153 753 4194 ¹³
773 4149 962 4222 thesaurum
979 4135 1077 4221 istum
1096 4149 1131 4222 in
1148 4177 1221 4224 vaso
1232 4153 1259 4196 ¹²
1277 4149 1384 4238 fictili,
1403 4163 1440 4224 ut
1456 4150 1639 4238 sublimitas
1654 4151 1697 4224 sit
1712 4150 1838 4223 virtutis

267 4272 354 4345 «Dei
364 4275 402 4355 ¹⁵,
421 4285 453 4344 et
467 4299 534 4344 non
550 4299 587 4344 ex
606 4271 700 4344 nobis
712 4276 776 4342 ¹⁶.»
795 4269 855 4342 Hic
869 4270 1058 4343 thesaurum
1076 4284 1165 4344 vocat
1181 4272 1348 4345 scientiam
1364 4286 1395 4345 et
1410 4270 1534 4345 donum
1553 4272 1694 4373 Spiritus
1710 4272 1837 4356 Sancti,

268 4421 321 4468 vas
331 4398 357 4442 ¹⁷
369 4407 478 4466 autem
496 4393 593 4466 lictile
614 4420 744 4466 carnem
760 4406 918 4476 nostram,
937 4392 1015 4493 quia
1026 4392 1129 4465 facilis
1137 4396 1165 4438 ¹⁸
1175 4394 1278 4466 Iractu
1298 4406 1361 4478 est,
1374 4393 1458 4465 sicut
1475 4419 1527 4464 vas
1543 4393 1651 4466 fictile.
1676 4393 1839 4476 Quoniam

267 4542 341 4589 vero
361 4516 532 4589 thesaurus
547 4515 607 4588 istc
625 4514 719 4588 nobis
734 4515 874 4588 creditus
890 4529 954 4599 est,
971 4513 1049 4586 hinc
1064 4514 1138 4587 licet
1151 4542 1278 4588 eausam
1294 4515 1428 4588 honoris
1446 4527 1479 4587 et
1492 4514 1604 4614 gloriae
1621 4541 1759 4587 sumere.

319 4703 354 4774 II.
384 4703 508 4801 Corpus
532 4701 618 4774 enim
643 4701 746 4786 istud,
767 4700 856 4800 quod
877 4700 1012 4797 dignum
1034 4699 1183 4772 habitum
1208 4711 1256 4772 est
1281 4712 1317 4771 ut
1338 4701 1514 4808 susciperet
1534 4701 1686 4773 virtutem
1708 4698 1840 4800 spiritus

267 4825 359 4924 (cum
378 4822 613 4923 incorruptibili
627 4821 733 4920 juncti
751 4821 893 4921 eorporis
910 4820 1113 4919 praeservatio
1129 4819 1169 4891 ab
1187 4820 1429 4922 incorruptione
1452 4821 1621 4894 thesaurus
1637 4815 1840 4923 reputetur),

304 5067 312 5098 ¹
331 5063 523 5138 Arigaficctur.
542 5095 580 5105 -
595 5067 605 5098 ¹
623 5061 676 5118 Act.
694 5081 731 5122 rr.
750 5063 774 5115 5.
789 5063 848 5102 -I
867 5061 1013 5134 Ipra'mum.
1091 5060 1191 5134 legalem
1209 5063 1379 5116 numentano
1395 5091 1433 5102 -
1450 5065 1467 5095 ¹¹
1487 5061 1620 5115 hochstet
1634 5058 1792 5132 proclum
1804 5089 1844 5100 —

266 5158 327 5199 -l
346 5159 365 5212 Α
386 5157 449 5211 dicit
466 5165 510 5213 aut
524 5159 628 5230 putavit.
644 5158 706 5196 —⁵
724 5155 743 5210 I
760 5156 904 5228 praesrtim.
918 5157 978 5196 -‘
997 5157 1015 5209 Λ
1092 5157 1110 5189 ¹²
1124 5156 1144 5209 Δ
1160 5173 1215 5228 quoe
1227 5173 1275 5227 per
1295 5153 1417 5208 Christum
1438 5155 1516 5228 effora
1531 5155 1626 5227 suerat.
1639 5183 1678 5194 -
1689 5155 1707 5187 ¹⁸
1723 5154 1744 5206 I)
1760 5151 1843 5206 omitt

267 5251 346 5304 omitt.
358 5261 436 5306 erem.
446 5281 484 5292 —
497 5254 507 5285 ²
522 5251 543 5304 Il
554 5249 594 5304 At
606 5249 626 5303 T
624 5249 703 5304 imoth.
719 5268 751 5314 u,
763 5250 868 5304 18.-⁸
880 5249 898 5302 A
913 5246 1017 5303 turbatio
1092 5259 1179 5302 autera.
1190 5281 1228 5290 -
1241 5249 1259 5282 ¹⁸
1279 5249 1298 5301 B
1310 5249 1334 5300 io
1344 5249 1418 5301 roris.
1427 5279 1466 5290 -
1478 5251 1498 5282 ¹⁸
1516 5249 1549 5312 C,
1560 5248 1582 5303 Ι)
1594 5249 1689 5302 virtutis
1701 5245 1795 5299 diuae.
1806 5277 1845 5285 --

268 5341 320 5396 loco
332 5341 487 5396 dubitationis
502 5343 582 5397 hahet
598 5347 658 5384 -⁸
681 5345 697 5397 t
713 5343 792 5396 omitt.
808 5343 895 5414 priano
910 5371 946 5383 -
961 5343 978 5374 ¹⁰
998 5343 1015 5395 t
1092 5344 1111 5375 ¹⁵
1130 5343 1152 5395 II
1168 5339 1272 5395 Corinth.
1290 5359 1321 5406 rr,
1335 5361 1360 5414 7.
1370 5371 1409 5383 -
1421 5343 1440 5375 ¹⁷
1459 5343 1559 5397 Rom
1570 5371 1609 5383 -
1621 5344 1640 5376 ¹⁸
1664 5337 1736 5394 Valde
1742 5337 1845 5410 sontis.
