3990 6092
275 574 340 640 stt
625 566 798 637 PATRUM
824 562 1225 638 hNTENlCAENORUM
1252 569 1490 639 sulutem.

327 723 361 823 [s
370 722 527 794 Velamen
539 735 775 792 sacramentum
788 735 835 792 est
851 721 1082 821 prophetarum
1094 735 1125 792 et
1138 721 1373 820 apestolorum,
1386 722 1473 793 intus
1485 723 1639 821 scriptum
1651 720 1852 822 antiquitus,

275 844 377 914 aleris
399 869 472 914 vero
488 841 641 940 scriptum
661 841 749 913 novis
767 842 977 942 temporibus.
998 841 1115 938 Figura
1133 840 1230 913 etiam
1246 854 1294 913 est
1311 841 1464 914 doctrinae
1481 840 1671 941 spiritualis,
1690 871 1761 942 quae
1781 845 1854 916 duo

274 963 396 1036 «latera
412 963 519 1060 legere
538 963 635 1059 digna
656 962 804 1044 hahetur,
822 976 853 1033 et
870 989 942 1062 quae
960 961 1089 1033 lectioni
1104 963 1204 1060 partis
1221 963 1384 1034 exterioris
1399 989 1529 1034 sensum
1547 963 1712 1037 internum
1731 992 1854 1036 conso-

274 1085 360 1158 sciat
372 1090 394 1156 ¹.
406 1083 439 1184 a]

326 1208 358 1278 3.
389 1205 453 1276 «Et
467 1204 615 1276 eomedi²
630 1201 734 1275 illud:
750 1216 782 1276 et
796 1205 915 1275 lactum
933 1219 981 1276 est
998 1205 1031 1274 in
1050 1231 1105 1275 ore
1122 1230 1195 1276 meo
1209 1205 1291 1275 sicut
1308 1202 1371 1275 mel
1391 1203 1528 1288 dulcem
1548 1203 1581 1275 id
1598 1218 1662 1288 est,
1682 1205 1768 1304 quod
1787 1206 1853 1277 luit

272 1335 306 1400 iu
327 1354 381 1400 ore
399 1325 486 1397 illius
501 1325 605 1396 simile
622 1338 690 1398 erat
712 1324 801 1396 melli
823 1325 921 1397 dulci.
941 1325 1076 1424 lmpleta
1094 1337 1170 1396 sunt
1192 1326 1278 1397 enim
1297 1324 1328 1395 in
1347 1325 1505 1426 propheta
1523 1353 1594 1426 quae
1612 1327 1728 1426 scripta
1746 1343 1848 1402 suut:

273 1451 403 1532 «Quam
423 1446 530 1518 dulcia
548 1446 695 1518 lancibus
713 1447 792 1518 meis
807 1446 936 1548 eloquia
956 1461 1028 1528 tua,
1044 1474 1142 1548 super
1159 1445 1287 1518 melori
1303 1449 1445 1518 me0³ta

327 1572 364 1652 5,
386 1569 419 1638 t.
449 1568 544 1639 «Non
560 1569 647 1639 enim
666 1567 707 1639 ad
724 1567 882 1668 populum
899 1566 1053 1668 profundi
1073 1567 1230 1640 sermonis
1248 1579 1280 1638 et
1299 1569 1417 1666 ignotae
1438 1565 1557 1666 lingua
1576 1581 1611 1639 tu
1635 1569 1789 1641 mitteris.
1808 1624 1840 1638 ..

273 1716 438 1789 equorum
463 1717 529 1761 non
548 1689 650 1789 possis
675 1689 788 1760 audire
807 1715 1009 1760 sermones„
1025 1689 1120 1772 Vide,
1143 1688 1266 1790 inquit,
1284 1702 1316 1760 te
1338 1715 1426 1760 ame
1442 1715 1507 1759 non
1530 1688 1613 1759 mitti
1629 1690 1690 1761 nisi
1707 1689 1750 1760 ad
1765 1688 1850 1760 lilios

272 1809 387 1911 populi
411 1810 474 1894 tui,
494 1837 632 1910 quorum
657 1823 690 1881 tu
711 1810 856 1906 linguam
882 1810 976 1883 nesti.
997 1809 1160 1894 Quoniam
1183 1809 1272 1891 site,
1294 1807 1493 1891 ortonamt,
1509 1808 1666 1880 misissem
1687 1809 1728 1880 ad
1750 1836 1849 1881 uuam
1970 1849 1971 1904 r

273 1931 435 2030 gentium,
452 1931 616 2003 audissent
632 1945 673 2003 te.

283 2139 286 2144 ,
326 2052 364 2136 8,
386 2081 419 2153 9.
449 2052 553 2124 «Ecce
571 2051 647 2124 dedi
661 2051 774 2124 [aciem
791 2065 880 2123 tuam
896 2064 932 2122 ut
945 2049 1167 2134 adamantem,
1183 2049 1240 2150 qui
1256 2049 1370 2121 fortior
1387 2061 1434 2120 est
1448 2048 1572 2121 silices

310 2165 316 2178 ⁸
330 2203 341 2245 1
353 2175 386 2244 tc.
416 2173 580 2272 «Spiritus
594 2201 723 2273 quoque
736 2172 849 2244 levavit
860 2199 911 2244 me
922 2187 953 2243 et
966 2171 1188 2255 abduxitme⁵,
1199 2201 1215 2238 n
1226 2169 1361 2254 scilicet,
1371 2170 1572 2252 confirmavi,
1583 2171 1628 2242 ait
1638 2169 1849 2272 (Dominus).
1970 2263 1971 2278 ,

273 2293 387 2366 faciem
403 2307 492 2365 tuam
508 2293 582 2393 plus
600 2320 698 2392 quam
715 2292 830 2364 taciem
849 2320 976 2378 eorum,
999 2293 1080 2364 sicut
1094 2292 1299 2363 adamantem
1317 2290 1375 2390 qui
1392 2291 1506 2362 lortior
1521 2302 1567 2362 est
1579 2291 1678 2363 silice.
1970 2385 1971 2394 ἵ

332 2417 387 2486 15.
416 2445 432 2478 o
443 2414 481 2483 Et
498 2414 570 2484 veni
589 2412 631 2483 ad
649 2413 979 2510 transmigrationem,
1000 2411 1043 2482 ad
1060 2412 1251 2496 Tel-Achih,
1269 2410 1312 2482 ad
1330 2411 1455 2511 eosqui
1472 2411 1765 2510 hahitaha'ntjuxte
1784 2413 1852 2484 llu-
1970 2433 1971 2454 ¹

275 2535 387 2606 svium
403 2531 592 2617 Chohar⁶n,
607 2533 717 2617 idest,
737 2533 819 2604 lorte
836 2532 970 2604 audient
980 2539 1073 2631 quae7
1092 2545 1323 2630 superventura
1337 2544 1413 2603 sunt
1428 2531 1548 2604 civitati
1562 2531 1708 2616 illerum,
1728 2534 1851 2632 templo

275 2655 513 2754 sanctuariique
533 2681 645 2725 eorum
666 2653 868 2725 utensilibus.
1433 2749 1435 2752 Ι

332 2803 387 2873 17.
418 2775 504 2847 «Fili
518 2775 673 2858 hominis,
688 2774 923 2874 speculatorem
934 2773 1009 2846 dedi
1021 2788 1051 2846 te
1065 2773 1177 2846 domui
1193 2773 1306 2856 lsrael,
1321 2787 1358 2845 ut
1374 2773 1488 2846 audias
1501 2775 1541 2847 de
1555 2802 1609 2848 ore
1626 2801 1699 2847 meo
1710 2775 1852 2875 illosque

276 2895 518 2974 «admoneam»
538 2895 573 2967 id
593 2908 656 2979 est,
675 2922 746 2967 ecce
764 2895 915 2967 constitui
934 2909 963 2967 te
980 2896 1243 2969 commonitorem
1262 2908 1293 2966 et
1308 2895 1591 2994 reprehensorem,
1611 2911 1647 2968 ut
1661 2896 1747 2968 dicas
1760 2899 1852 2995 justo

276 3031 308 3088 et
327 3017 485 3116 peccatori
512 3044 584 3117 quae
607 3044 666 3115 ego
689 3017 838 3117 praecipio
862 3017 939 3100 tibi,
961 3017 1004 3089 ita
1024 3030 1058 3089 ut
1081 3017 1115 3087 iu
1131 3018 1220 3115 justo
1241 3016 1365 3116 justitia
1389 3029 1558 3115 augeatur,
1575 3017 1853 3118 quemadmodum

275 3139 464 3237 poenitentia
484 3140 517 3211 iu
535 3151 712 3239 peccatore.

330 3289 387 3333 se.
418 3263 602 3360 adgredere
622 3263 656 3335 in
673 3291 823 3363 campum
842 3276 874 3336 et
890 3263 935 3335 ibi
950 3262 1100 3363 loquetur
1116 3275 1258 3334 tecum.»
1277 3260 1419 3344 Scilicet,
1438 3288 1497 3361 per
1511 3261 1578 3333 haec
1593 3261 1684 3333 illum
1705 3261 1751 3333 eis
1770 3289 1854 3332 cen-

277 3381 377 3453 stituit
396 3383 573 3480 insignum
595 3416 602 3455 :
622 3411 714 3468 nam,
733 3384 793 3456 bac
809 3383 921 3456 eadem
938 3383 1006 3466 die,
1024 3382 1144 3455 dictum
1160 3397 1207 3454 est
1220 3383 1250 3453 ei
1268 3395 1304 3454 ut
1321 3382 1529 3478 egrederetur
1545 3381 1579 3453 iu
1599 3409 1748 3483 campum
1768 3395 1804 3453 ut
1820 3383 1853 3454 ei

277 3501 463 3602 loqueretur
480 3517 512 3574 et
526 3505 555 3575 ei
573 3506 796 3578 ostenderetur
810 3504 905 3586 visio,
919 3502 1040 3601 illaque
1057 3516 1235 3574 monstrata
1251 3517 1299 3574 cst
1314 3503 1343 3574 ei
1354 3529 1455 3602 super
1468 3501 1602 3576 tluvium
1613 3500 1850 3604 Chobarttt).

332 3626 389 3695 otc.
419 3624 616 3721 «Ingredere
636 3639 666 3696 et
686 3623 851 3696 includere
874 3622 1131 3694 indonatus.»
1150 3624 1217 3696 Hoc
1234 3624 1331 3695 etiam
1351 3623 1462 3695 statuit
1479 3651 1553 3696 eum
1570 3623 1634 3694 illis
1653 3623 1850 3720 insignum,

278 3757 314 3814 ut
328 3745 471 3817 videntes
486 3773 559 3846 quae
577 3745 771 3844 operabatur
790 3744 824 3814 in
845 3742 1033 3841 semetipse,
1043 3744 1133 3840 juxta
1150 3744 1283 3815 verbum
1302 3744 1433 3816 Domini
1451 3745 1493 3815 ad
1510 3744 1618 3828 illum,
1635 3743 1852 3841 intelligerent

280 3865 336 3936 filii
352 3866 464 3964 populi
483 3893 516 3936 se
534 3864 575 3936 ab
595 3864 740 3936 hostibus
762 3863 878 3936 similia
897 3890 1048 3963 passuros
1069 3865 1148 3935 lore.
1174 3863 1318 3936 Inclusus
1342 3878 1389 3936 est
1411 3866 1497 3936 euim
1512 3866 1545 3936 in
1562 3865 1658 3936 dome
1679 3892 1752 3950 sua,
1768 3865 1853 3937 sicut

276 3984 380 4056 ludaei
396 3983 510 4056 inclusi
528 3985 649 4055 suntin
664 3985 786 4057 civitate
802 4012 871 4057 sua.

333 4107 390 4176 ab.
420 4106 525 4176 allece
548 4105 621 4176 data
642 4119 717 4176 sunt
737 4132 833 4204 super
852 4117 882 4176 te
896 4105 1039 4190 vincula,
1059 4120 1090 4177 et
1107 4106 1257 4204 ligabunt
1275 4119 1342 4178 re.»
1361 4107 1494 4178 Vincula
1513 4133 1609 4206 porro
1633 4135 1705 4206 quae
1724 4106 1851 4178 cecide-

279 4239 354 4297 runt
367 4253 464 4324 super
481 4225 688 4325 prophetam,
703 4253 743 4298 ne
759 4225 967 4323 egrederetur
983 4227 1066 4299 inter
1081 4226 1225 4312 Jedoeos,
1243 4241 1319 4299 sunt
1337 4227 1504 4326 Babylonii
1524 4228 1596 4327 qui,
1616 4227 1851 4299 circumdantes

276 4345 471 4430 Jerusalem,
491 4345 687 4416 habitatores
702 4347 786 4443 ejus,
806 4374 847 4419 ne
861 4346 1109 4443 ingrederentur
1126 4362 1157 4419 et
1175 4348 1417 4446 egrederentur,
1432 4347 1659 4447 impedierunt.

333 4465 390 4537 26.
421 4466 484 4538 sEt
514 4466 658 4562 linguam
685 4481 774 4538 tuam
801 4468 963 4540 adhaerere
991 4469 1105 4541 laciam
1129 4469 1237 4568 palato
1264 4483 1359 4542 tuo.»
1386 4468 1506 4552 Etiam,
1530 4470 1564 4540 in
1590 4469 1668 4552 boc,
1692 4467 1851 4568 propheta

279 4600 372 4686 typus
391 4600 459 4659 erat
475 4587 605 4658 illerum
619 4587 721 4687 quiin
738 4587 816 4660 Sion
834 4589 960 4661 mutiet
976 4590 1044 4662 sine
1054 4589 1186 4689 loquela
1200 4588 1370 4686 degebant.

329 4813 370 4868 iv,
393 4815 423 4870 1,
443 4814 475 4857 o.
505 4785 628 4856 «Sunio
641 4784 697 4856 tihi
712 4785 861 4869 laterem,
874 4798 905 4858 et
920 4812 1020 4886 pones
1034 4814 1108 4857 eum
1122 4813 1229 4857 coram
1244 4799 1286 4857 te.
1298 4819 1313 4854 a
1327 4787 1384 4859 llis
1401 4788 1505 4860 verbis
1518 4787 1559 4859 ad
1573 4799 1713 4859 mentem
1725 4801 1853 4858 revocat

277 4901 415 5006 primam
432 4907 617 4980 ludaeorum
636 4905 892 4980 humiliationem
912 4907 947 4978 in
967 4909 1112 5007 AEgypto.
1132 4909 1196 4980 sEt
1214 4907 1374 4982 describes
1392 4911 1426 4982 in
1442 4938 1480 4982 eo
1499 4911 1656 4984 civitatem
1671 4909 1850 4982 Jerusalem

316 5159 323 5190 ¹
343 5157 405 5220 Quae
429 5159 527 5213 uncinis
547 5157 697 5213 includimus
711 5156 803 5214 desunt
818 5159 845 5212 in
867 5157 981 5232 operibus
998 5159 1024 5212 S.
1101 5159 1192 5230 syriace
1204 5167 1338 5214 exstantem
1351 5159 1378 5214 in
1392 5159 1509 5233 operibus
1520 5161 1547 5214 S.
1561 5159 1698 5233 hphrremi,
1709 5177 1758 5213 nort
1772 5165 1852 5214 trans-

278 5248 412 5320 Ephroemi.
432 5279 466 5290 -·-
484 5254 494 5284 ²
512 5251 594 5305 Codex
614 5252 740 5305 introduxi
762 5252 829 5305 iltud.
856 5255 918 5293 —³
938 5251 1024 5306 Psotm.
1102 5252 1158 5306 tulit
1174 5253 1261 5307 editor.
1277 5285 1314 5294 —
1332 5257 1341 5286 ⁶
1361 5254 1389 5307 ln
1408 5253 1520 5324 margine
1536 5252 1627 5324 legitur
1642 5274 1648 5304 z
1663 5252 1757 5324 flamen
1778 5251 1852 5307 coto

278 5359 363 5403 oraru,
385 5343 444 5394 ¹03.
467 5375 504 5384 -
520 5344 529 5376 ⁴
547 5343 599 5398 lon.
623 5363 644 5408 r,
668 5363 690 5397 a.
706 5375 740 5386 -
759 5349 768 5378 ⁵
788 5345 856 5400 Hanc
878 5347 1025 5400 seutentiam
1102 5346 1141 5416 (id
1155 5353 1190 5400 cst
1203 5345 1319 5418 spinal).
1335 5349 1389 5386 ω’
1410 5345 1491 5399 Codes
1507 5351 1561 5398 nats
1574 5346 1625 5399 luce
1637 5361 1698 5419 que.
