3980 6084
612 531 806 612 'luctum
837 543 1039 612 CONClLll
1070 543 1285 610 ClNONES.
1670 545 1735 611 dil

166 699 304 768 serretur
328 719 423 764 causa
450 693 655 776 exstiterunt,
681 709 743 765 tres
769 719 873 765 annos
897 694 981 764 inter
1003 692 1167 765 auditores
1188 705 1394 774 remaneant,
1412 719 1465 764 sex
1493 719 1596 764 annos
1621 693 1738 766 deinde

155 819 249 898 ,inter
262 817 455 915 prenitentes
468 793 720 914 agant,'perque
734 814 833 886 alium
853 841 975 886 annum
994 813 1230 886 adorationem
1248 813 1472 898 admittantur,
1490 827 1679 887 sonantem
1696 815 1738 888 ad

166 935 379 1021 oblationem;
400 935 495 1006 etita
514 932 662 1018 demum,
680 935 838 1035 completo
857 933 1031 1016 decennio,
1055 934 1097 1006 ad
1113 934 1146 1006 id
1161 933 1250 1034 quod
1267 933 1446 1034 perlectum
1466 947 1515 1006 est
1530 935 1737 1034 recipiantur.

166 1059 202 1128 ln
217 1083 255 1129 eo
266 1068 374 1129 autem
392 1054 461 1156 ipso
477 1070 623 1154 tempore
641 1081 754 1128 eorum
771 1055 931 1155 reliquam
950 1055 1066 1152 agendi
1082 1055 1241 1127 rationem
1259 1055 1428 1128 observare
1444 1068 1581 1156 oportet.

221 1251 271 1322 lll.
302 1249 346 1321 Dc
359 1249 488 1320 diaconis
500 1249 554 1346 qai
563 1247 745 1321 matrimonii
752 1249 961 1320 coanimantur
969 1266 1039 1349 post
1053 1277 1140 1320 suern
1155 1247 1376 1320 ordinationem.
1390 1247 1574 1324 -Omnes
1592 1250 1737 1336 diaconi,

167 1371 225 1470 qui
243 1369 417 1446 ordinandi
439 1385 530 1451 sunt,
549 1370 592 1454 si,
612 1371 738 1470 inipso
762 1369 977 1442 ordinationis
998 1383 1179 1452 momento,
1202 1370 1406 1466 interrogati,
1430 1371 1567 1444 dixerint
1590 1351 1639 1455 se,
1661 1373 1739 1472 quia
1828 1371 1831 1384 '

168 1493 237 1564 sine
256 1518 353 1564 uxore
372 1491 476 1564 virere
490 1519 556 1564 non
571 1505 723 1592 possunt,
739 1491 820 1564 valle
836 1518 968 1564 uxorem
987 1490 1124 1576 ducere,
1139 1504 1312 1591 postquam
1329 1491 1574 1564 matrimonium
1588 1492 1737 1576 inierint,

168 1613 201 1684 in
224 1611 329 1684 officio
346 1625 574 1712 permaneant,
600 1639 674 1684 curn
699 1639 830 1686 uxorem
858 1611 999 1685 ducendi
1024 1613 1065 1685 ab
1090 1611 1240 1712 episcopo
1265 1626 1459 1712 acceperunt
1480 1612 1654 1686 licentiam.
1673 1615 1739 1697 Qui

167 1760 241 1804 vero
259 1733 389 1806 silentes
411 1733 454 1805 ita
470 1733 616 1809 ordinem
633 1747 860 1832 susceperunt,
876 1733 903 1804 si
919 1732 1071 1833 deinceps
1088 1733 1331 1805 matrimonium
1351 1733 1558 1816 contrabant,
1578 1734 1619 1806 ab
1635 1735 1739 1807 allicio

167 1852 382 1953 deponantur.

216 2029 253 2101 X.
283 2027 328 2101 De
341 2028 465 2132 smninir
493 2057 573 2130 pace,
598 2047 754 2130 postquam
775 2028 952 2130 desponsata
975 2046 1060 2114 sunt,
1088 2029 1126 2099 ob
1150 2028 1218 2100 aliis
1241 2027 1354 2101 motata
1369 2030 1511 2130 sucrum.
1543 2073 1592 2085 -
1620 2029 1740 2101 Puettae

167 2175 256 2250 quae,
273 2163 447 2250 postquam
466 2147 667 2250 desponsata
684 2150 833 2235 luerunt,
852 2151 893 2222 ab
915 2151 985 2222 aliis
1005 2163 1081 2222 sunt
1099 2163 1215 2250 raptae,
1235 2149 1357 2250 placuit
1375 2165 1410 2222 ut
1429 2149 1609 2224 reddantur
1626 2150 1664 2221 iis
1683 2152 1739 2251 qui

166 2271 256 2370 prius
275 2297 328 2344 eas
343 2271 596 2372 desponsarunt,
616 2257 741 2344 etiamsi
759 2285 903 2372 raptores
921 2271 985 2344 illis
1000 2271 1065 2344 vim
1085 2270 1265 2344 intulerint.

218 2465 269 2537 Xl.
299 2465 345 2538 Dc
358 2465 566 2538 conclamaris
582 2481 611 2538 et
626 2465 662 2538 da
677 2466 864 2538 auditoribus
880 2467 935 2567 qai
946 2465 1194 2564 sacrnflcoacrant.
1213 2509 1264 2520 -·
1281 2463 1331 2537 llli
1347 2466 1419 2566 qui,
1437 2461 1510 2537 cum
1529 2478 1603 2537 ante
1620 2465 1740 2565 baptis·

166 2613 256 2659 mum
282 2587 558 2672 sacrificaverunt,
578 2599 688 2687 postea
706 2587 902 2688 baptismum
926 2599 1153 2688 susceperunt,
1172 2585 1295 2685 placuit
1317 2599 1353 2658 ut
1371 2585 1412 2658 ad
1430 2586 1560 2660 ordines
1578 2585 1740 2686 recipian-

168 2722 232 2791 tur,
249 2708 326 2808 quia
344 2722 514 2807 peccatum
531 2708 719 2782 abluerunt.
733 2706 792 2810 (bl
804 2709 845 2810 9)

218 2893 285 2966 llll.
314 2893 360 2966 Dc
385 2893 604 2993 chorepiscopis.
630 2935 679 2950 -
701 2893 949 2994 Chorepiecopis
971 2893 1174 2966 sacerdotum
1201 2891 1478 2990 diaconorumque
1503 2891 1739 2966 ordinationem

168 3038 233 3084 non
258 3013 333 3085 lieet
348 3038 520 3113 peragere,
541 3039 600 3084 nec
620 3012 783 3084 civitatum
798 3013 1008 3112 presbyteris,
1027 3011 1150 3112 absque
1167 3009 1297 3082 licentia
1315 3011 1541 3110 episcoporum
1558 3039 1617 3110 per
1636 3012 1740 3111 scrip-

169 3145 237 3204 tum
251 3133 343 3216 data,
357 3131 431 3204 licet
447 3132 609 3205 celebrare
626 3131 660 3204 in
676 3131 789 3232 quovis
806 3130 888 3204 loco.

219 3315 302 3388 lllll.
331 3314 377 3387 Dc
398 3316 510 3389 clericis
528 3317 582 3417 qai
597 3345 685 3388 corne
706 3317 858 3389 abstinent.
874 3359 927 3374 —
942 3316 1007 3400 Qui
1025 3317 1059 3387 in
1084 3315 1168 3388 clero
1195 3327 1354 3414 perstant,
1377 3315 1441 3388 site
1459 3315 1652 3414 presbyteri,
1675 3315 1740 3388 sire

169 3438 312 3522 diaconi,
330 3451 362 3510 et
382 3436 423 3510 ab
441 3464 498 3512 esu
517 3437 662 3510 carnium
679 3437 859 3524 abstinent,
877 3437 999 3539 placuit
1016 3450 1052 3510 ut
1070 3435 1269 3521 comedant¹,
1288 3450 1321 3509 et
1336 3437 1381 3510 ita
1398 3436 1522 3510 salvent
1538 3436 1737 3536 semetipsos.

169 3557 265 3642 Quod
280 3559 308 3632 si
326 3586 455 3632 carnem
473 3558 518 3632 ita
533 3559 695 3659 impuram
713 3559 890 3634 habuerint
906 3573 944 3632 ut
960 3559 1056 3633 etiarn
1076 3558 1162 3632 olera
1181 3585 1255 3630 cum
1271 3585 1366 3632 carne
1379 3572 1468 3630 cocta
1483 3585 1550 3631 non
1568 3557 1739 3630 comedant

171 3695 202 3754 et
219 3680 336 3754 canoni
352 3707 386 3753 se
404 3679 594 3754 submittere
610 3679 731 3766 nolint,
748 3681 789 3753 ab
805 3681 910 3755 officio
929 3681 1145 3782 deponantur.

219 3874 298 3948 lllV.
326 3875 372 3948 Dc
396 3875 477 3948 dona
499 3874 635 3948 Ecclesia
651 3893 776 3976 propter
801 3876 994 3948 nccesntaem
1019 3873 1163 3948 elimatis.
1181 3917 1234 3929 -
1253 3873 1434 3947 Facultates
1453 3871 1619 3946 Ecclesiar²
1641 3899 1738 3972 quas,

169 4009 299 4070 vacante
321 3997 397 4070 scdc
422 3997 613 4097 episcopali,
636 3995 889 4070 abalienaverint
907 3996 1104 4097 presbyteri,
1127 3995 1275 4069 Ecclesia
1299 3993 1493 4079 reddantur,
1511 3995 1555 4067 ita
1580 4008 1617 4067 ut
1639 4020 1739 4094 penes

169 4117 356 4218 episcopum
371 4118 429 4190 sit³
446 4119 586 4219 pretium
604 4119 804 4219 emptoribus
819 4118 1003 4200 restituere,
1021 4117 1071 4190 vel
1091 4144 1172 4201 non,
1187 4117 1344 4217 quoniam
1360 4115 1525 4188 multoties
1539 4115 1738 4216 emptoribus

168 4239 203 4310 in
220 4266 376 4339 magnum
394 4239 520 4313 lucrum
540 4239 634 4312 cessit
651 4240 698 4313 rei
714 4239 851 4312 vendita
867 4253 1051 4340 proventus.

219 4433 285 4506 XV.
315 4433 359 4504 Dc
380 4433 511 4533 illisqui
532 4461 599 4504 cam
621 4433 718 4505 bestiti
734 4434 964 4506 commiscentur.
982 4478 1034 4490 —
1057 4431 1167 4506 ltelate
1194 4431 1237 4504 ad
1259 4432 1392 4532 eosqui
1415 4459 1449 4504 sc
1467 4432 1739 4504 commiscuerunt

169 4553 220 4626 vel
238 4580 272 4626 se
289 4553 497 4626 commiscent
515 4581 588 4624 cum
603 4553 731 4638 bestiis,
750 4555 855 4653 rigeat
873 4580 976 4626 canon
993 4581 1132 4654 sequens
1151 4583 1159 4624 :
1179 4552 1262 4640 Qui,
1280 4551 1660 4652 antequam-vigesimum
1678 4577 1739 4622 an-

169 4701 249 4746 num
273 4674 483 4772 attingerent,
501 4688 692 4775 peccarunt,
709 4675 896 4775 quindecim
916 4702 1019 4747 annos
1034 4674 1119 4747 inter
1140 4675 1332 4776 poenitentcs
1352 4701 1425 4746 cum
1446 4673 1608 4771 degerint,
1628 4685 1738 4773 postea

170 4795 370 4868 orationibus
392 4794 557 4879 intersint,
577 4809 624 4879 et,
644 4823 718 4868 cum
743 4797 778 4869 in
796 4796 856 4869 hac
873 4797 1101 4870 communione
1127 4797 1273 4896 quinque
1291 4823 1393 4868 annos
1412 4794 1622 4893 expleverint,
1642 4794 1738 4866 etiam

169 4914 367 4988 oblationem
394 4916 561 5016 recipiant.
587 4915 783 4990 Attendatur
803 4931 912 4990 tamen
936 4943 1050 4990 eorum
1068 4915 1155 5000 vitae,
1175 4915 1254 4988 dum
1276 4915 1473 5014 penitentia
1494 4929 1622 4998 vacant,
1640 4914 1685 4986 ita
1704 4929 1740 4986 ut

169 5037 312 5108 humane
338 5050 525 5110 tractentur.
545 5036 642 5121 Quod
663 5036 690 5108 si
713 5036 865 5136 quidam,
891 5037 933 5108 ad
960 5037 1139 5110 satietatem
1163 5036 1331 5136 usque‚in
1355 5034 1416 5106 hoc
1437 5048 1567 5136 peccato
1585 5035 1738 5118 vixerint,

207 5214 215 5244 ¹
235 5211 320 5266 Graes
333 5219 428 5267 tanturn
439 5211 529 5274 ἔδοξεν
544 5213 711 5282 masada,
727 5215 768 5266 nat
777 5213 868 5278 οὔτω,
883 5215 907 5268 sl
916 5213 1050 5284 βούλοιντο
1055 5252 1064 5278 ,
1076 5220 1179 5286 κρατεῖν
1191 5215 1292 5266 ἑαυτῶν.
1305 5243 1341 5254 -
1355 5213 1460 5267 ’Graece
1473 5213 1600 5286 sapienda.
1608 5243 1645 5252 -
1657 5215 1667 5245 ³
1677 5211 1739 5275 Qum

169 5310 309 5377 sequuntur
319 5322 368 5358 non
380 5303 442 5358 adso
453 5305 553 5360 clariora
567 5306 663 5360 suntin
675 5323 754 5378 [preco
766 5312 843 5359 textu.
