4006 6098
479 547 682 616 SANCTUS
712 548 958 615 utout'sttts
991 547 1346 614 rtuxtttutttttus'.
1630 550 1696 618 tt3

866 921 966 1012 XIV

426 1159 651 1232 SANCTUS
685 1161 955 1233 DIONYSIUS
991 1153 1402 1236 restauramus&

896 1611 936 1696 lo

472 1803 621 1872 OPERA
647 1803 906 1873 insusurra
931 1797 958 1870 E
985 1803 1206 1873 l'ERSIONE
1234 1801 1359 1871 stul.

904 1997 919 2070 1

654 2169 851 2233 urtsromt
876 2169 928 2232 ΑΙ)
953 2166 1174 2234 Noutrutv.

181 2350 353 2452 Dionysius
370 2351 506 2437 Novato,
522 2352 616 2424 fratri
634 2365 763 2436 nostro,
782 2352 931 2424 salutem.

180 2475 277 2559 Quod
295 2474 337 2558 si,
354 2485 391 2546 ut
408 2474 538 2559 asseris,
552 2473 594 2546 ad
611 2474 673 2546 boc
689 2474 803 2546 nolens
814 2475 944 2560 venisti,
956 2474 990 2548 id
1005 2473 1156 2558 ostende,
1173 2485 1287 2574 sponte
1301 2488 1356 2546 tua
1374 2473 1566 2548 recedendo.
1579 2473 1697 2548 Omnia

129 2597 215 2668 enim
230 2597 364 2670 sufferre
381 2595 541 2668 debebas³
556 2623 597 2668 ne
608 2596 749 2670 Ecclesia
764 2593 1010 2669 discinderetur.
1030 2597 1110 2668 Nam
1124 2596 1330 2694 martyrium,
1342 2596 1431 2698 quod
1447 2595 1564 2697 aliquis
1578 2597 1700 2697 patitur
1760 2607 1767 2623 '

128 2744 170 2790 ne
183 2718 356 2790 Ecclesiam
371 2717 508 2803 dividat,
522 2729 587 2790 tam
602 2717 779 2816 gloriosum
796 2729 843 2790 est
860 2745 957 2819 quam
971 2716 1053 2790 illud
1069 2717 1157 2818 quod
1173 2715 1290 2817 aliquis
1302 2717 1424 2818 patitur
1437 2743 1479 2790 ne
1493 2717 1587 2790 idolis
1601 2718 1699 2791 bono·

128 2867 196 2912 rem
212 2839 336 2912 reddat.
356 2837 466 2940 (170)
484 2839 567 2922 lma,
582 2865 655 2910 meo
676 2840 809 2939 quidem
819 2837 961 2939 judicio,
978 2840 1181 2938 praestantius
1198 2853 1256 2912 est.
1276 2839 1336 2912 llic
1354 2839 1441 2912 enim
1459 2867 1517 2939 pro
1535 2839 1585 2911 sui
1603 2839 1701 2911 unias

127 2961 250 3045 anima,
266 2959 332 3032 illic
349 2987 408 3059 pro
427 2959 516 3032 omni
538 2959 677 3032 Ecclesia
699 2959 889 3058 martyrium
906 2958 1072 3031 sustinect.
1094 2959 1190 3042 Quod
1212 2958 1239 3029 si
1259 2986 1346 3031 nunc
1368 2961 1566 3060 persuaseris
1587 2961 1700 3032 iratres

129 3094 160 3153 et
185 3107 239 3153 eos
265 3081 406 3178 coegeris
432 3080 473 3153 ud
496 3081 653 3152 unitatem
677 3079 800 3162 redire,
818 3093 948 3178 peccato
973 3091 1028 3150 tao
1056 3079 1161 3178 majus
1188 3080 1248 3150 erit
1271 3079 1424 3179 praeclare
1450 3081 1569 3152 iactum
1597 3093 1701 3152 tuum.

128 3200 213 3273 Illud
236 3202 367 3301 quidem
391 3228 456 3274 non
483 3200 707 3301 imputabitur,
727 3199 806 3270 dum
832 3199 985 3299 praeclare
1009 3199 1128 3270 lactum
1154 3199 1378 3272 celebrabitur.
1396 3200 1492 3284 Quod
1520 3201 1547 3272 si
1571 3200 1700 3272 demum

127 3320 199 3392 illos
214 3321 410 3423 persuadere
428 3349 493 3395 non
511 3321 666 3406 valueris,
686 3335 773 3394 tuam
787 3321 857 3423 ipse
872 3319 1013 3392 animam
1027 3319 1143 3392 satsat.

896 3589 933 3666 ΙΙ

475 3765 686 3830 nrrsrom⁶
706 3765 759 3828 m
780 3765 1005 3829 nsoursruu
1025 3767 1077 3828 rr
1099 3723 1358 3839 scurranum,

638 3907 816 3963 ECCbESltE
832 3907 987 3962 ROMANAE
1003 3907 1192 3963 PllllthllES.

179 4075 244 4162 Oui
258 4075 410 4178 baptisati
425 4092 501 4150 sunt
514 4077 548 4149 in
567 4076 700 4149 nomine
716 4076 815 4149 trium
832 4103 1061 4188 personarum,
1078 4075 1194 4162 Patris,
1211 4091 1243 4150 ct
1257 4076 1346 4160 Filii,
1366 4091 1398 4151 et
1415 4075 1554 4178 Spiritus
1569 4079 1695 4160 Sancti,

126 4199 250 4274 etiamsi
266 4200 417 4300 baptisati
438 4199 559 4272 luerint
580 4198 621 4271 ab
644 4197 817 4283 hereticis,
840 4197 937 4270 modo
960 4199 1011 4270 isti
1027 4199 1169 4272 haretici
1191 4213 1256 4272 tres
1274 4225 1429 4298 personas
1451 4199 1697 4282 confiteantur⁷,

162 4471 170 4504 ¹
191 4470 229 4526 Do
244 4467 354 4542 Dionysii
369 4467 486 4542 operibus
504 4465 624 4543 legendus
639 4467 703 4522 Dosa
722 4467 799 4540 liemy
812 4466 874 4522 Ceil·
951 4465 1012 4542 Opto
1026 4467 1117 4541 tepori
1131 4467 1262 4524 studentem
1278 4465 1416 4523 iollamiao
1432 4467 1486 4524 bens
1498 4469 1697 4524 mura-³111

125 4559 179 4627 lier,
193 4561 300 4617 Histoire
308 4562 421 4636 glscit-ais
433 4561 473 4615 des
488 4573 586 4616 causas
600 4560 800 4634 eccls'sissts'quss,
813 4559 873 4615 edit.
949 4561 982 4626 G,
1004 4561 1037 4616 its
1059 4561 1184 4636 protertur
1202 4561 1288 4617 titulus
1303 4563 1431 4637 epistolas:
1450 4562 1545 4618 sPsulo
1559 4570 1614 4636 post
1634 4563 1697 4618 Dio·

126 4654 209 4718 Virta,
223 4663 240 4710 t.
255 4655 291 4720 ll,
304 4675 330 4730 p.
344 4657 394 4710 isos
412 4662 437 4709 et
451 4673 504 4728 seq.
518 4653 665 4722 Eusebium,
679 4651 789 4708 Historia
800 4653 874 4708 sacis·
949 4654 1063 4727 anysius,
1078 4655 1121 4709 illc
1142 4655 1199 4729 qui,
1219 4663 1278 4712 tssnc
1294 4656 1425 4730 temporis,
1445 4655 1576 4710 Ecclesiam
1594 4656 1699 4712 Messo-

124 4747 193 4803 siast.
204 4748 248 4812 vt,
261 4750 295 4804 ts
307 4756 331 4804 at
344 4767 396 4822 seq.
406 4777 444 4788 -—
456 4753 466 4782 ²
481 4747 519 4802 Ad
528 4747 702 4810 Novaticsusm,
715 4745 873 4802 scribendum
948 4747 1065 4802 sdriusm
1082 4747 1195 4822 sugebat,
1208 4748 1239 4806 sd
1254 4747 1343 4804 eodem
1357 4751 1459 4804 nomine
1472 4747 1623 4823 perdentem
1637 4749 1698 4805 Dio·

124 4858 178 4896 esse
194 4841 313 4915 colligunt
330 4840 429 4897 Eusebii
448 4840 571 4905 editores,
588 4841 645 4896 licet
662 4839 767 4896 llufinus
784 4839 874 4896 dixerit
948 4841 1064 4914 anysium
1084 4849 1110 4896 et
1122 4841 1154 4896 ad
1170 4842 1327 4917 Stephanum
1347 4843 1432 4897 uomoe
1450 4842 1559 4916 scripsit,
1580 4842 1606 4897 in
1631 4841 1697 4896 bunc

124 4931 196 4986 binas
213 4951 229 4988 a
246 4935 362 5006 Dionysio
376 4935 482 5009 scriptas
497 4933 572 4988 luisse
588 4934 716 5008 epistolas,
729 4952 805 4988 anam
821 4934 873 4988 No·
948 4933 1070 4988 amodum
1090 4933 1216 4990 baereseoa
1230 4934 1413 4990 distinctionem
1427 4934 1584 4988 instituens.»
1601 4934 1635 4989 Es
1650 4935 1697 4990 boc

124 5033 192 5090 rato,
217 5026 320 5082 alter-am
349 5029 490 5084 Notatisoo.
516 5027 559 5086 etr
585 5027 709 5100 Patrolop.
735 5026 812 5080 Grac.
837 5027 872 5090 x,
948 5026 1022 5082 titulo
1042 5027 1125 5102 colligi
1145 5035 1226 5102 potest
1247 5028 1311 5082 banc
1333 5027 1460 5102 epistolam
1484 5027 1600 5102 scriptam
1622 5028 1696 5084 luisse

124 5120 169 5174 rol.
184 5119 269 5192 1296,
280 5137 337 5174 cum
351 5121 422 5176 notis.
434 5122 571 5184 Caeterum,
581 5120 676 5175 codices
688 5119 773 5194 syriaci
786 5137 874 5174 omncs
948 5138 1034 5174 mense
1047 5121 1137 5174 martio
1149 5121 1187 5174 sel
1201 5120 1273 5194 apriti
1285 5121 1352 5184 253,
1365 5127 1499 5194 antequam
1513 5122 1539 5176 S.
1555 5121 1695 5196 Stephanus

124 5211 209 5286 lapaut
223 5211 257 5264 sd
270 5210 469 5266 Nouatum-³
486 5214 596 5270 ridebas.
612 5246 649 5254 -
663 5215 673 5248 ⁸
687 5211 765 5269 Amba
779 5210 875 5267 codices
948 5212 1084 5268 adsummi
1098 5212 1254 5286 pontificatus
1266 5213 1470 5287 apicemerectus
1487 5213 1581 5270 tonos.
1596 5247 1634 5255 -
1651 5217 1694 5270 ⁷C
1809 5215 1813 5222 ’

123 5303 208 5376 syriaci
222 5304 341 5358 omittunt
352 5305 401 5358 iltis
410 5325 454 5378 pro
464 5307 528 5360 amai
537 5305 654 5380 Ecclesia
662 5311 718 5348 -‘
731 5307 775 5360 Gr.
785 5303 855 5358 addit
866 5325 873 5358 s
949 5303 989 5360 bic
1000 5306 1070 5380 ponit
1081 5327 1089 5360 s
1102 5305 1195 5368 Patris,
1205 5316 1227 5360 st
1240 5303 1310 5368 Filii,
1324 5316 1348 5360 st
1358 5304 1464 5378 Spiritus
1476 5305 1567 5364 Sancti.
