4006 6098
535 558 735 626 sauctus
766 558 1030 626 ousootuus
1055 558 1434 628 THllUlll'lUllGUS.
1695 565 1761 631 385

192 707 301 792 illum,
313 707 445 782 dicens:
464 706 563 790 «Quo
580 707 729 791 festinas,
742 706 909 792 lordonis,
924 722 960 780 ut
974 735 1029 781 cas
1046 710 1267 782 retrorsum‘ln
1284 709 1398 793 «Quid
1414 709 1491 795 tibi,
1505 709 1673 795 Iordanis,
1685 714 1762 813 quia

192 829 342 902 «rediisti
360 841 535 900 retrorsum
548 829 604 899 ¹2²»
618 828 843 901 Sanctificatus
860 828 914 900 ille
928 844 977 901 est
994 829 1133 902 sontium
1155 831 1212 931 qui
1230 831 1264 902 in
1284 844 1313 902 tc
1333 829 1515 914 descendit,
1529 849 1567 904 ut
1581 833 1615 903 in
1627 846 1658 904 te
1678 833 1763 906 lavo-

192 964 298 1035 retur3
317 976 358 1022 nc
375 975 508 1049 parvam
528 949 643 1022 timeas
661 949 870 1034 effusionem,
890 977 967 1022 nam
984 964 1016 1023 te
1033 965 1143 1023 venter
1163 964 1232 1022 erat
1250 952 1352 1024 multo
1371 953 1548 1050 angustior.
1569 951 1686 1026 Omnia
1705 953 1762 1027 illo

192 1071 290 1172 plena
311 1084 388 1143 sunt
409 1072 466 1170 qui
492 1068 582 1142 nulla
607 1097 641 1141 re
665 1068 829 1142 definitur.
846 1069 963 1142 Attolle
988 1070 1104 1143 fluctus
1121 1085 1208 1155 tuos,
1227 1072 1318 1144 mitte
1332 1053 1458 1145 ellluvia
1479 1086 1534 1145 tua
1557 1088 1593 1146 ut
1615 1075 1762 1174 passibus

193 1191 324 1264 Domini
338 1190 477 1264 marium
490 1189 743 1262 sanctificentur.
762 1189 800 1262 ln
814 1203 844 1262 tc
860 1190 1103 1263 sanctificantur
1117 1217 1229 1264 omnes
1244 1192 1366 1277 fontes,
1382 1193 1537 1292 quoniam
1553 1193 1586 1266 in
1605 1208 1637 1267 te
1654 1195 1763 1296 bapti-

192 1326 283 1385 satus
304 1325 352 1384 est
372 1311 512 1385 fontium
533 1308 760 1384 sanctificator.
784 1310 871 1382 Bene
892 1307 1010 1408 agebat
1032 1311 1134 1383 David
1155 1309 1269 1413 (132)
1298 1311 1420 1384 llumen
1446 1313 1608 1387 hortando
1630 1343 1671 1389 ne
1696 1343 1762 1416 prae

193 1433 310 1506 timore
328 1433 481 1530 lugeret:
501 1431 571 1503 s'l'c
587 1430 691 1502 Deum
709 1429 861 1503 videmnt
878 1457 971 1532 aqum
994 1445 1027 1505 et
1048 1431 1236 1506 timuerunt.
1258 1432 1427 1505 Dederunt
1443 1460 1554 1506 vocem
1576 1435 1647 1508 coeli
1665 1437 1764 1509 coelo-

194 1579 329 1625 «ruma
349 1549 446 1634 Dedit
461 1550 547 1623 enim
565 1577 674 1624 vocem
702 1548 798 1622 Pater
815 1550 856 1623 de
875 1549 974 1636 coelo,
991 1549 1138 1653 (dicens)
1153 1580 1161 1620 ι
1177 1552 1263 1625 «Hic
1278 1565 1326 1624 ost
1338 1553 1439 1625 Filius
1456 1580 1547 1626 mcus
1561 1553 1714 1640 dilectus,
1729 1557 1762 1628 in

192 1701 283 1774 aquo
299 1671 381 1746 mibi
399 1672 485 1744 bene
500 1670 743 1772 complacui².n
761 1671 934 1744 Descendit
951 1672 1093 1771 Spiritus
1112 1673 1153 1745 de
1169 1673 1243 1745 altis
1259 1673 1321 1745 sub
1335 1673 1440 1773 specie
1459 1675 1618 1748 columbe
1633 1677 1765 1776 requie-

193 1794 301 1895 vitque
318 1820 416 1894 super
430 1807 529 1889 caput
546 1792 716 1895 (Christi),
730 1806 767 1865 ut
780 1793 1002 1866 testimonium
1019 1793 1206 1892 perhiberet
1220 1793 1260 1866 de
1277 1794 1350 1878 illo,
1362 1795 1455 1867 illum
1470 1822 1539 1868 esse
1555 1795 1680 1869 Sancta
1691 1798 1764 1872 Tri-

193 1915 302 1988 nitatis
321 1941 435 1986 unom.
452 1913 609 1988 Clamavit
631 1913 789 1999 loannes,
808 1913 918 1986 dicens
935 1940 943 1983 ι
963 1913 1068 1986 sEcce
1085 1913 1195 2013 Agnus
1218 1915 1293 2000 Dei,
1314 1943 1386 1988 ecce
1409 1917 1465 2016 qui
1491 1916 1575 1988 tollit
1595 1933 1762 2017 paccatum

193 2035 392 2109 cmundi³.n
411 2034 568 2110 Clamavit
586 2033 682 2106 Pater
695 2035 736 2107 de
755 2034 851 2118 coelo,
870 2033 1002 2107 dicens:
1022 2034 1108 2106 «Hic
1125 2049 1174 2108 est
1192 2035 1292 2108 Filius
1313 2063 1404 2109 meus
1424 2036 1596 2109 dilectus„
1613 2037 1763 2112 Ostendit

192 2185 225 2230 se
243 2156 376 2230 demum
388 2156 529 2257 Spiritus
542 2183 641 2256 super
659 2155 768 2240 illum,
783 2155 843 2228 sub
859 2157 964 2257 specie
982 2154 1157 2240 columbas,
1177 2171 1213 2228 ut
1232 2157 1415 2230 ostenderet
1428 2157 1538 2230 lesum
1557 2186 1625 2232 esse
1639 2159 1763 2232 media-

192 2291 295 2350 torem
309 2278 414 2350 Deum
429 2278 514 2353 inter
527 2291 559 2350 et
573 2277 732 2350 homines.
744 2276 900 2349 Adstabat
910 2303 1028 2376 sponsa
1040 2276 1196 2362 Ecclesia,
1207 2278 1317 2377 sponsi
1333 2279 1454 2351 mirans
1470 2279 1761 2380 pulchritudinem,

192 2426 264 2472 cum
284 2399 403 2499 gaudio
423 2425 531 2473 vocem
555 2397 659 2471 Patris
687 2398 888 2482 auscultans,
907 2397 1017 2470 oculos
1039 2426 1115 2472 suos
1136 2398 1171 2470 in
1193 2397 1309 2471 Filium
1328 2399 1420 2472 avide
1438 2399 1596 2498 dirigam,
1613 2401 1763 2474 conside-

192 2548 332 2622 ransque
353 2521 510 2622 Spiritum
531 2520 686 2595 Sanctum
709 2518 977 2604 descendentem,
993 2532 1031 2591 ut
1049 2520 1268 2594 testimonium
1288 2519 1372 2593 Filio
1392 2521 1588 2621 perbiberet.
1610 2522 1690 2596 lnde
1710 2551 1764 2596 oo·

191 2643 301 2742 pnovit
318 2642 460 2717 Ecclesia
475 2642 647 2715 essentiam
660 2641 785 2716 Sanctae
800 2639 966 2714 trinitatis
977 2638 1123 2714 :Patrem
1139 2668 1198 2740 per
1214 2669 1340 2726 vocem,
1352 2642 1472 2716 Filium
1490 2669 1548 2743 por
1562 2657 1761 2728 contactum,

190 2765 350 2865 Spiritum
371 2763 567 2867 pervisum,
587 2776 651 2836 tres
665 2788 818 2862 personas
837 2762 871 2835 in
889 2790 956 2835 una
973 2761 1294 2863 incomprehensibili
1315 2762 1511 2848 substantia,
1526 2791 1626 2836 unam
1644 2765 1765 2839 indivi-

192 2886 317 2960 sibilem
333 2886 534 2959 Trinitatem.

242 3082 279 3154 V.
308 3082 368 3154 Hic
390 3080 597 3153 contristatur
612 3077 741 3163 Ariusl,
756 3077 809 3150 hic
835 3077 1014 3150 Eunomius
1041 3077 1154 3151 dolore
1180 3077 1387 3179 opprimitur,
1415 3079 1598 3181 reliquique
1622 3081 1763 3155 haretici

191 3202 319 3273 adstant
329 3200 472 3284 attoniti,
485 3199 663 3272 nescientes
679 3196 759 3298 quid
775 3197 880 3270 dicero
895 3197 1034 3269 valeant.
1047 3197 1104 3269 Dic
1118 3198 1214 3282 mihi,
1231 3223 1251 3269 o
1266 3196 1431 3298 haeretice,
1444 3200 1525 3299 quid
1539 3200 1653 3273 viderit
1665 3229 1763 3300 super

191 3321 315 3394 llumcn
338 3348 456 3422 sponsa
474 3319 636 3405 Ecclesia?
657 3319 704 3391 Ne
726 3317 878 3390 astutiam
906 3317 1075 3404 adhibeas,
1094 3345 1135 3390 ne
1157 3315 1380 3391 fraudulenter
1401 3318 1524 3391 malum
1547 3319 1691 3420 loquaris
1708 3352 1715 3392 :
1735 3321 1762 3392 si

192 3455 274 3516 esset
295 3441 378 3514 alius
401 3442 435 3513 in
450 3439 623 3525 Trinitate,
641 3466 699 3512 cur
717 3465 782 3511 non
801 3438 943 3511 ostendit
964 3465 998 3511 se
1017 3465 1115 3538 super
1132 3438 1275 3510 flumen?
1296 3439 1382 3512 Deus
1402 3440 1489 3512 enim
1509 3454 1578 3512 erat
1597 3440 1704 3512 medio
1727 3441 1762 3513 in

191 3563 327 3636 llumine
340 3577 377 3636 ut
388 3563 483 3636 nobis
495 3562 654 3635 conterret
666 3560 877 3660 adoptionem
891 3559 1044 3632 liliorum.
1064 3559 1101 3632 dt
1113 3573 1147 3632 tu
1164 3559 1370 3660 blasphemas
1380 3560 1464 3632 hone
1480 3574 1629 3633 naturam
1645 3589 1761 3662 puram

191 3697 223 3758 et
245 3681 534 3786 incorruptibilem.
555 3684 673 3756 Verum
690 3680 732 3754 ad
750 3709 785 3754 os
808 3680 913 3781 abyssi
936 3681 1121 3765 retrocede,
1137 3681 1292 3782 quoniam
1310 3693 1435 3753 ostensa
1458 3680 1606 3754 Ecclesiae
1624 3695 1672 3754 est
1686 3683 1761 3755 Tri·

193 3805 292 3892 nitas,
299 3807 390 3905 juxta
405 3805 596 3889 Iordanem,
615 3818 647 3876 ct
663 3803 853 3876 Trinitatem
868 3829 936 3874 csse
951 3801 1064 3903 liquet.
1078 3802 1174 3886 Quod
1186 3802 1213 3874 si
1224 3801 1315 3876 aliud
1330 3801 1455 3904 aliquid
1470 3829 1541 3875 eam
1556 3829 1624 3876 essc
1642 3802 1760 3904 aliquis

191 3939 334 4026 reputet,
352 3926 440 3999 hunc
458 3925 585 3998 desino
605 3952 664 3998 suo
681 3923 866 4025 propulsat,
886 3923 1017 4024 expellit
1034 3936 1065 3996 ct
1082 3923 1168 4022 ejicit
1184 3923 1340 4009 Ecclesia,
1360 3923 1515 4023 quoniam
1530 3938 1592 3998 tres
1606 3951 1760 4023 personas

190 4073 259 4120 csse
277 4061 440 4121 ostensum
458 4059 515 4121 est.

240 4243 292 4318 vl.
322 4243 505 4344 baptizatus
526 4242 671 4317 ascendit
691 4242 839 4315 Christus
866 4239 906 4314 dc
930 4239 1087 4326 Iordane,
1103 4240 1270 4342 portisque
1297 4239 1451 4314 coelorum
1477 4243 1612 4343 apertis,
1630 4243 1759 4342 agnitus

188 4365 250 4438 luit
265 4363 410 4438 Christus
425 4392 484 4466 per
496 4363 692 4465 baptismum
708 4388 804 4434 suum
819 4361 860 4434 ab
871 4361 1024 4433 omnibus
1039 4362 1153 4434 turbis.
1171 4363 1240 4434 Non
1255 4363 1342 4434 enim
1357 4363 1421 4435 huc
1437 4389 1556 4463 usque,
1573 4391 1591 4435 a
1607 4363 1660 4436 die
1673 4365 1759 4437 nati-

186 4487 293 4560 vitatis
315 4513 418 4587 usque
440 4484 484 4556 ad
502 4484 589 4560 mem
607 4483 776 4584 baptismi,
794 4481 903 4584 polam
920 4495 1017 4554 notus
1041 4497 1119 4553 erat.
1143 4483 1349 4584 Quapropter
1368 4483 1550 4585 Epiphania
1571 4486 1757 4558 nominatur

185 4606 345 4708 baptisma
362 4606 461 4679 illius.

236 4801 304 4875 Vll.
334 4799 568 4903 OEpipbania¹
580 4797 703 4872 divino!
723 4797 751 4872 Ο
776 4797 960 4899 prodigium
980 4796 1162 4870 inellabilc!
1183 4796 1389 4898 Ohaptisma
1407 4800 1496 4899 quod
1514 4800 1607 4872 nobis
1625 4801 1756 4874 immor-

187 4921 344 4996 talitatem
370 4921 520 4996 contulit!
549 4919 577 4996 0
603 4920 752 4993 nativitas
777 4919 935 4993 secunda!
959 4917 987 4992 Ο
1012 4917 1168 5018 gaudium
1194 4918 1327 5019 duplex!
1353 4918 1390 4991 ln
1417 4920 1478 4992 boc
1502 4921 1600 5007 festo,
1624 4922 1754 5007 fratres,

186 5041 279 5115 illum
297 5044 356 5144 qui
372 5041 440 5145 (se)
457 5042 550 5117 nohis
572 5041 613 5115 de
636 5042 715 5114 coelo
741 5039 955 5113 manifestarit
978 5039 1193 5124 celebremus3
1212 5039 1412 5113 celebremus
1435 5055 1467 5114 et
1491 5041 1608 5114 festum
1630 5042 1665 5115 in
1688 5071 1754 5144 quo

221 5240 230 5272 ¹
250 5237 340 5292 Psalm.
352 5257 422 5302 curt,
438 5241 463 5294 5.
477 5271 513 5280 —
527 5243 537 5272 ²
552 5236 639 5292 Maru.
651 5256 693 5298 ιιι,
708 5255 754 5308 ¹73
765 5234 823 5288 buc.
834 5253 869 5298 rx,
881 5235 924 5288 35.
937 5237 993 5275 ·-³
1010 5233 1096 5288 loma.
1111 5253 1132 5296 r,
1148 5253 1191 5306 ep.
1207 5265 1244 5276 —-
1258 5235 1268 5268 ⁸
1287 5235 1321 5290 Er
1335 5235 1446 5290 hocloco
1458 5236 1582 5311 colligitur
1593 5237 1669 5296 sonem
1679 5233 1771 5312 hujus¹

183 5332 292 5386 bomilia·
304 5330 336 5385 od
349 5332 426 5385 alium
440 5339 565 5385 auctorem
576 5350 651 5405 qnam
664 5332 690 5384 S.
705 5327 853 5400 Gregorium
865 5327 1080 5400 'thaumaturgum
1094 5325 1253 5381 referendum
1266 5347 1326 5381 osse.
1364 5385 1366 5392 ,
