4006 6098
229 573 297 641 358
576 571 750 641 PATRUM
781 571 1180 642 turuttcuttoutttt
1212 575 1448 642 iniuncti.

849 805 853 812 ’
925 814 1041 870 CAPUT
1062 815 1107 871 IV.

282 950 348 1034 Qui
365 949 443 1022 dicit
460 977 495 1021 ex
511 950 570 1022 viri
586 952 709 1024 semine
727 965 841 1024 natum
856 978 924 1024 osse
938 951 1121 1025 Christum¹
1140 965 1175 1023 ut
1187 979 1299 1024 omnes
1314 952 1478 1037 homiues,
1497 966 1529 1026 et
1546 981 1612 1026 non
1629 955 1803 1028 confitetur

231 1101 322 1157 eum,
339 1073 396 1172 qui
422 1099 458 1144 ex
476 1072 598 1172 Spiritu
618 1073 736 1145 Sancto
752 1085 784 1145 ot
801 1077 860 1146 ex²
878 1087 989 1146 saneta
1003 1072 1136 1172 Virgine
1154 1073 1340 1146 incarnatus
1357 1088 1389 1146 et
1406 1074 1638 1148 inhumanatus
1655 1090 1718 1162 est,
1732 1105 1801 1150 esse

230 1221 292 1266 sor
305 1193 429 1266 semine
447 1194 592 1286 Daridnf,
611 1206 649 1265 ut
663 1194 817 1295 scriptum
834 1207 896 1279 ost,
911 1195 1083 1267 anathema
1101 1196 1158 1266 sit!
1174 1193 1358 1296 (Explicatio
1372 1193 1477 1294 deest.)

935 1423 1051 1480 CAPUT
1067 1425 1098 1478 V.

283 1559 348 1642 Qui
366 1558 466 1631 dicit:
483 1557 576 1630 Alius
596 1557 718 1659 estqui
738 1572 785 1631 est
803 1572 877 1632 ante
895 1557 1010 1632 saecula
1028 1557 1129 1632 Filius
1152 1557 1227 1644 Dei,
1242 1574 1273 1633 et
1295 1559 1377 1632 alius
1396 1562 1453 1662 qui
1476 1561 1509 1632 in
1531 1561 1595 1634 fine
1618 1576 1802 1663 temporum

233 1678 433 1782 (apparuit),
452 1693 484 1753 et
503 1706 569 1752 non
585 1681 757 1753 confitetur
774 1680 868 1752 illum
884 1681 942 1782 qui
959 1695 1007 1754 est
1025 1693 1102 1753 ante
1113 1683 1247 1766 saeeula,
1259 1707 1328 1754 esse
1348 1683 1498 1754 eumdem
1511 1684 1615 1783 quiin
1634 1684 1700 1757 fine
1718 1697 1803 1757 tem-

229 1829 347 1903 porum
360 1799 562 1903 (apparuit),
579 1815 616 1874 ut
632 1801 786 1902 seriptum
802 1816 866 1887 est,
881 1802 1053 1875 anathema
1070 1801 1128 1874 sit!
1148 1801 1333 1904 (Explicatis
1350 1801 1455 1905 deest.)

925 2033 1041 2089 CAPUT
1062 2033 1108 2088 Vl.

283 2164 349 2248 Oui
361 2163 439 2236 dicit
450 2195 460 2236 ι
473 2163 562 2237 Alius
578 2177 626 2237 est
640 2165 699 2266 qni
715 2191 827 2265 passus
843 2179 906 2248 est,
918 2181 950 2238 et
965 2164 1119 2265 alius-qui
1133 2191 1247 2270 passus
1262 2190 1328 2239 non
1344 2177 1407 2248 est,
1420 2181 1451 2238 et
1466 2189 1532 2238 non
1549 2168 1721 2241 confitetur
1736 2167 1804 2239 im·

231 2286 383 2387 passibile
403 2285 545 2359 Verbmn
568 2287 689 2372 Deum,
712 2286 824 2387 quod³
838 2286 873 2358 in
899 2285 1030 2386 propria
1059 2313 1154 2360 earne
1179 2312 1309 2386 passum
1332 2300 1394 2371 est,
1414 2288 1537 2389 absque
1553 2289 1752 2373 mutatione,
1766 2303 1804 2362 ut

232 2407 386 2508 seriptum
403 2424 465 2493 est,
486 2407 658 2480 anathema
675 2408 734 2490 sit!
751 2406 936 2510 (duplicatio
952 2406 1059 2508 deest.)

917 2639 1033 2694 CAPUT
1054 2639 1114 2694 vtl.

284 2771 350 2854 Qui
367 2770 445 2844 dicit
461 2770 618 2842 salvatum
632 2769 731 2842 [uisse
746 2769 910 2842 Christum
929 2782 960 2842 et
977 2797 1044 2843 non
1062 2771 1235 2844 confitetur
1250 2797 1326 2844 sum
1343 2799 1413 2844 esse
1431 2772 1619 2846 salvatorem
1639 2771 1754 2845 mundi
1770 2785 1804 2844 et

231 2893 337 2965 lucem
356 2891 486 2976 mundi,
504 2892 586 2964 siout
601 2891 756 2992 scripturn
774 2905 837 2976 est,
857 2890 1028 2964 anathema
1042 2892 1099 2964 sit!
1115 2890 1300 2994 (Esphmtio
1316 2890 1424 2993 derat.)

913 3123 1030 3180 CAPUT
1050 3125 1125 3178 Vlll.

287 3254 351 3337 Qui
369 3256 447 3327 dicit
464 3255 653 3328 hominem4
671 3255 835 3329 Christum
858 3255 984 3331 divisim
1002 3269 1034 3329 et
1051 3257 1156 3329 Deum
1175 3256 1317 3330 Verbum
1338 3256 1482 3341 divisim,
1501 3271 1534 3329 et
1550 3283 1615 3328 non
1634 3257 1807 3328 confitetur

237 3403 338 3448 unum
360 3376 535 3449 Dominum
549 3377 659 3450 Jesunr
677 3377 858 3463 Christum,
877 3377 959 3450 siout
973 3377 1126 3478 seriptum
1145 3391 1208 3462 ost,
1228 3374 1400 3452 anathema
1423 3377 1480 3450 sit!
1498 3375 1684 3480 (duplicatio
1701 3373 1807 3478 deest.)

928 3606 1046 3662 CAPUT
1068 3606 1117 3661 tx.

289 3739 353 3822 Qui
372 3739 449 3814 dioit
468 3740 631 3814 Christum
646 3738 819 3812 mutationi
838 3751 871 3810 et
892 3738 1092 3839 corruptioni
1110 3739 1284 3813 obnoxium
1305 3765 1389 3822 esso,
1405 3752 1436 3810 et
1455 3763 1519 3812 non
1540 3738 1713 3812 confitetur
1732 3765 1808 3811 eum

237 3860 472 3935 immutabilem
492 3860 623 3959 spiritu,
643 3873 675 3932 ot
696 3857 997 3961 incorruptibilom⁵
1014 3887 1125 3947 corne,
1143 3875 1179 3932 ut
1196 3861 1350 3961 seriptum
1374 3874 1437 3945 ost,
1455 3860 1627 3934 anathema
1644 3861 1702 3932 sit!
1718 3856 1809 3960 (to-

235 3981 352 4081 plieotio
368 3979 474 4082 deest.)
487 3977 572 4082 (98)

938 4147 1057 4204 CAPUT
1078 4149 1111 4204 Χ.

291 4278 356 4361 Qui
372 4279 450 4351 dicit
466 4293 592 4378 partem.
608 4278 749 4351 hominis
766 4293 947 4380 susceptam
964 4279 1062 4352 fuisso
1081 4308 1100 4352 a
1117 4277 1243 4352 Christo
1259 4294 1291 4354 et
1306 4307 1372 4353 non
1387 4279 1559 4352 confitetur
1576 4307 1650 4352 eum
1671 4278 1810 4352 similem

240 4400 334 4473 nobis
357 4400 491 4472 evasisse
519 4402 553 4472 in
575 4400 725 4474 omnibus
753 4415 871 4501 praeter
893 4415 1075 4502 peccatum,
1097 4401 1180 4474 siout
1196 4401 1350 4503 scriptum
1372 4415 1436 4486 est,
1456 4401 1627 4474 anathema
1644 4401 1702 4473 sit!
1723 4399 1812 4502 (Ex-

237 4522 357 4623 plicatis
373 4520 478 4624 deeat.)
941 4517 944 4525 ’

278 4701 286 4732 ¹
305 4700 348 4754 Gr.
365 4697 435 4753 addit
452 4701 482 4752 tx
500 4697 639 4772 Παρθένον.
656 4727 694 4740 ·-
708 4701 718 4732 ¹
737 4699 781 4754 Gr.
795 4697 865 4754 addit
884 4701 987 4773 Μαρίας.
1063 4698 1098 4752 Ita
1111 4697 1159 4752 bue
1173 4697 1305 4770 capitutum
1314 4695 1431 4753 exhibent
1443 4695 1538 4752 redires
1550 4695 1570 4752 B
1584 4703 1609 4752 et
1621 4695 1660 4751 Cr
1679 4696 1813 4771 «ungoru

239 4795 299 4836 -θ
317 4792 361 4847 Gr.
374 4791 444 4846 addit
458 4791 585 4866 &pedor
598 4793 674 4866 σαρκὶ
690 4789 747 4861 ἰδέᾳ.
756 4793 814 4835 -⁴
833 4793 990 4848 sfortiam
1065 4791 1274 4865 «Thsumatnrgi,
1285 4809 1315 4846 ex
1328 4790 1371 4845 illo
1383 4791 1551 4855 anathemate,
1563 4789 1705 4844 ubidicitur
1719 4791 1814 4848 immu-

239 4885 380 4959 tutamen.
388 4889 440 4928 -⁸
454 4887 547 4941 Sensus
554 4885 660 4960 portntot
669 4884 794 4941 evidenter
800 4886 989 4958 eonnptttr'tem,
1064 4884 1185 4938 stabilem
1196 4884 1223 4937 in
1234 4883 1317 4938 anima
1329 4893 1354 4940 et
1365 4884 1575 4959 incorruptibilem
1590 4885 1616 4937 in
1627 4901 1729 4958 corpore
1739 4883 1816 4939 tuisse

240 4987 270 5034 ut
291 4977 339 5034 fest
356 4980 429 5036 testio
450 4981 546 5056 vulgatu
565 4997 651 5054 grem
669 4978 803 5034 editionirr
822 4980 935 5056 φθαρτὸν
959 4988 990 5051 'd
1064 4975 1817 5052 «Christummnteresurrectionem-Anathema:«Quieti-

240 5075 325 5146 σαρκί.
341 5075 372 5128 tt
387 5074 490 5148 quidam
507 5069 687 5149 mdooo'groeui
705 5074 793 5148 tegunt
810 5072 947 5146 ἄφθαρτον,
962 5079 990 5127 nt
1065 5071 1116 5126 soit
1123 5071 1249 5126 Christum
1257 5071 1347 5126 mutui
1354 5071 1614 5145 uutotteraripossoet
1623 5089 1674 5125 non
1681 5069 1816 5126 eonfitetur

240 5185 328 5222 omns·
348 5165 445 5223 oodieos
461 5167 545 5240 quiesi
562 5185 626 5242 qnos
645 5187 695 5242 pre
713 5167 829 5222 manibus
847 5166 988 5221 habuimus
1065 5183 1142 5220 asum
1153 5183 1206 5220 ono
1220 5165 1307 5239 spiritu
1322 5165 1468 5220 mutationis
1483 5172 1608 5238 expertem
1622 5171 1648 5220 et
1660 5165 1815 5238 inoorruptr'-

242 5259 314 5314 Unde
326 5259 889 5336 tiqust,inbocehamlooo,thaumaturgrrm
900 5261 990 5316 violen-
1066 5260 1160 5315 obitam
1183 5277 1257 5314 carne
1276 5261 1310 5331 (B
1330 5261 1452 5333 eorpus),
1469 5260 1533 5315 siout
1548 5260 1666 5334 scripturn
1683 5267 1732 5326 ost,
1753 5275 1815 5313 ann-

243 5351 632 5428 tiampsnumtuirseoquodam
640 5353 989 5428 incomptieotommassooh.
1066 5355 1241 5410 «thomarittn
