3990 6092
263 515 330 580 28l1
609 515 782 583 struunt
812 515 1217 584 ANTENlGAENORUM
1244 517 1483 584 tuttucrt.

263 645 359 764 atque
374 663 641 736 Christianorum.
659 664 788 737 Ethnici
812 678 843 737 et
864 665 996 738 Barbari
1019 694 1122 764 genus
1141 693 1236 738 suum
1257 666 1381 738 ducunt
1402 695 1421 737 a
1444 664 1537 749 Belo,
1563 666 1711 752 Chrono,
1734 667 1834 740 Hiera

263 784 399 885 aliisque
414 785 480 856 suis
498 786 677 858 innumeris
696 786 758 859 diis
770 791 791 857 ¹.
812 785 913 860 Graeci
930 815 1005 860 uero
1023 787 1146 871 alote,
1165 789 1222 886 qui
1239 801 1271 858 at
1284 788 1367 860 Zeus
1379 786 1509 870 dicitur,
1525 787 1685 886 originem
1700 789 1835 860 trahunt

260 933 321 1005 per
333 907 511 990 Helenum,
522 907 683 991 Xuthum,
703 908 847 1010 aliosque
861 936 973 981 eorum
985 922 1196 1009 pronepotes,
1214 908 1402 994 Heliadum,
1416 908 1588 994 Inachum,
1599 908 1832 994 Phoroneum,

262 1055 298 1098 ac
316 1027 446 1100 demum
466 1027 616 1100 Danaum
635 1029 835 1129 AEgyptium,
852 1030 1012 1103 Cadmum
1027 1029 1215 1114 Sidonium,
1230 1057 1266 1102 ac
1280 1029 1470 1129 Dionysium
1483 1029 1687 1102 Thebanum.
1702 1031 1831 1103 Hebraei

262 1161 370 1220 autem
385 1176 487 1247 genus
505 1177 600 1222 suum
616 1151 740 1222 ducunt
753 1178 788 1222 ex
802 1150 1003 1236 Abrahamo,
1018 1151 1109 1250 cujus
1123 1150 1298 1224 Abrahami
1311 1151 1415 1223 filium
1427 1165 1542 1224 vocant
1554 1151 1717 1238 isaacum,
1732 1152 1832 1224 lsaaci

261 1283 369 1342 autem
386 1269 490 1341 lilium
508 1270 679 1354 Iacchum,
695 1271 808 1343 Jacohi
823 1285 932 1343 autem
949 1271 1120 1345 duodecim
1144 1271 1357 1372 patriarchas,
1378 1272 1435 1371 qui
1458 1300 1476 1345 e
1500 1272 1592 1372 Syria
1615 1273 1650 1344 in
1672 1273 1833 1372 Egyptunr

261 1417 294 1462 se
317 1404 508 1491 receperunt
525 1389 584 1492 (8)
605 1406 636 1464 et
664 1418 683 1462 a
703 1391 885 1490 legislatore
905 1420 963 1465 suo
984 1392 1113 1466 Hebraei
1135 1392 1313 1493 nuncupati
1339 1393 1486 1480 lueruut3
1510 1393 1586 1466 inde
1604 1420 1695 1480 vero,
1714 1405 1831 1466 terram

262 1509 482 1607 promissionis
503 1513 682 1596 venientes,
700 1513 803 1586 Judaei
825 1514 978 1614 appellati
1000 1529 1087 1587 sunt.
1111 1514 1285 1588 Christiani
1304 1541 1407 1613 genus
1432 1541 1528 1586 suum
1552 1542 1570 1585 a
1594 1513 1732 1587 Domino
1756 1515 1825 1587 Jcsr

263 1632 388 1704 Christo
405 1633 550 1706 trahunt.

260 1863 262 1870 ι
314 1811 365 1882 Vl.
393 1812 456 1884 lste
475 1825 523 1884 cst
540 1812 599 1884 Dei
614 1811 768 1885 ditissimi
788 1811 904 1897 Filius,
922 1814 979 1914 qui
1000 1841 1058 1914 per
1075 1814 1232 1914 Spiritum
1251 1803 1409 1886 Sanctum
1425 1812 1664 1897 manifestatus,
1683 1812 1724 1886 de
1746 1813 1834 1885 coelis

261 1932 475 2018 descendens,
491 1960 527 2005 11
545 1933 667 2032 virgine
684 1933 821 2006 Hebraea
840 1947 951 2019 natus,
968 1962 1085 2035 corpus
1105 1963 1201 2007 suum
1217 1935 1258 2008 de
1274 1935 1408 2033 Virgine
1424 1961 1607 2019 assumens,
1624 1934 1833 2034 semetipsum

262 2053 321 2126 Dei
343 2054 446 2126 filium
472 2067 595 2128 naturae
612 2054 764 2128 humanae
782 2057 991 2154 conjunctum
1011 2057 1176 2141 revelavit,
1198 2056 1255 2156 qui
1278 2055 1437 2128 mundum
1458 2055 1644 2128 uniuersum
1661 2055 1833 2128 vivificanti

261 2175 434 2273 Evangelio
452 2203 510 2248 suo
529 2176 572 2248 ad
589 2177 747 2276 promissa
767 2203 825 2248 sua
842 2177 929 2249 hona
947 2177 1125 2277 acquisivit.
1148 2178 1219 2277 lpse
1242 2191 1289 2250 est
1311 2178 1386 2277 qui,
1409 2177 1587 2249 secundum
1605 2175 1737 2276 corpus,
1758 2205 1835 2277 pro-

261 2298 350 2396 sapia
368 2313 455 2370 satus
471 2299 623 2382 Hebraea,
643 2326 679 2370 11
698 2298 836 2399 Deipara
852 2298 1000 2398 Virgine,
1021 2299 1139 2384 Maria,
1157 2315 1328 2373 natusest.
1347 2301 1419 2400 Ipse
1437 2299 1559 2400 estqui
1576 2299 1834 2372 duodecimdis-

263 2419 387 2519 cipulos
412 2420 526 2518 elegit,
552 2419 675 2520 quique
699 2419 938 2493 illuminatricis
960 2421 1102 2494 veritatis
1129 2449 1195 2493 suae
1224 2421 1453 2522 predicatione
1480 2421 1667 2494 universum
1693 2421 1834 2492 instituit

263 2539 435 2612 mundum.
450 2539 522 2639 lpse
534 2540 575 2612 ah
587 2538 730 2612 Hebraeis
741 2541 828 2612 cruci
838 2541 933 2613 clavis
944 2541 1054 2613 affixus
1067 2554 1164 2641 atque
1177 2569 1194 2612 a
1207 2542 1342 2614 mortuis
1357 2569 1543 2640 resurgens,
1558 2539 1598 2612 ad
1614 2539 1709 2614 coelos
1722 2568 1834 2613 ascen-

262 2659 325 2744 dit,
342 2660 581 2761 discipulosque
598 2688 673 2734 suos
691 2661 733 2733 ad
749 2689 862 2736 omnes
876 2661 964 2735 locos
979 2663 1126 2748 mittens,
1145 2663 1253 2736 omnia
1272 2663 1470 2736 collustravit
1488 2661 1604 2735 divinis
1625 2675 1657 2735 et
1675 2662 1834 2735 mirandis

261 2780 434 2880 prodigiis,
459 2805 598 2883 quorum
620 2782 805 2882 pradicatio
831 2783 873 2855 ad
894 2783 979 2856 hane
999 2810 1102 2883 usque
1122 2783 1209 2856 diem
1232 2783 1373 2856 llorescit
1395 2797 1494 2884 atque
1516 2783 1704 2867 fructificat,
1723 2809 1840 2855 omnes

261 2901 374 3001 plagas
393 2927 508 2974 vocans
526 2903 567 2974 ad
585 2902 701 2976 lucem.

315 3024 463 3107 Ouatuor
481 3038 556 3096 sunt
574 3025 638 3096 illae
655 3024 818 3111 nationes,
835 3053 854 3098 o
874 3027 1065 3126 Imperator,
1084 3055 1165 3128 quas
1183 3026 1382 3102 ostendimus
1403 3027 1484 3099 tibi:
1505 3026 1664 3099 Barbaros
1682 3025 1835 3125 inquam,

262 3147 406 3232 Grecos,
424 3146 578 3221 Hebraeos
595 3161 693 3248 atque
710 3146 922 3222 Christianos.

985 3415 1068 3491 ‘lt

657 3611 872 3683 ARISTIDAE,
893 3610 1140 3672 PHlLOSOl’lll
1162 3610 1445 3684 ATllENlENSlS,

494 3756 540 3810 DE
559 3755 737 3810 musonis
756 3753 922 3808 cttttouu
942 3751 986 3806 ΕΤ
1007 3751 1192 3807 cauclutxt
1215 3753 1463 3808 ausaaustuuu
1478 3755 1605 3810 suunt).

316 3925 341 3997 l.
370 3923 476 3997 Eheu!
497 3937 654 4023 quantum
677 3949 730 3994 me
749 3919 919 4021 stupefecit
935 3919 1068 3993 latronis
1086 3920 1210 3993 clamor
1227 3933 1324 4022 atque
1344 3920 1441 3992 simul
1459 3923 1608 3994 Crucifixi
1627 3925 1832 4024 responsum!

264 4047 355 4118 Nunc
380 4044 462 4129 noli,
489 4071 584 4142 sagax
608 4043 748 4128 auditor,
772 4042 960 4143 mysterium
982 4041 1043 4114 hoc
1064 4041 1192 4116 silentio
1219 4041 1399 4142 preterire,
1421 4043 1577 4142 quoniam
1597 4043 1681 4116 inest
1700 4045 1838 4117 mirilica

264 4167 413 4268 quaedam
436 4166 471 4239 iu
490 4193 527 4238 co
548 4165 658 4238 virtus.
680 4164 868 4238 Praedicatio
887 4192 1029 4265 namque
1047 4164 1229 4264 evangelica
1250 4163 1327 4236 dicit
1343 4163 1451 4263 ipsum
1470 4163 1664 4236 Crucisalum
1685 4165 1718 4235 in
1742 4191 1840 4239 cruce

264 4288 402 4370 stetisse,
426 4300 458 4358 et
481 4286 614 4388 quidem
637 4313 704 4359 non
727 4287 843 4372 modo,
869 4287 1008 4359 aliorum
1030 4285 1217 4359 mortalium
1236 4285 1350 4371 instar,
1373 4285 1559 4384 alligatum,
1587 4285 1838 4370 verumetiam,

265 4407 306 4477 ad
321 4405 555 4507 Prophetarum
574 4409 704 4481 oracula
723 4407 935 4509 perficienda,
953 4408 1048 4481 clavis
1064 4406 1224 4480 defixum:
1243 4406 1552 4508 multitudinemque
1568 4406 1708 4480 Domino
1724 4433 1838 4479 necem

264 4527 448 4628 parantium
464 4530 481 4600 J
486 4531 652 4603 udaeorum
669 4532 945 4616 circumstantem
965 4545 1102 4603 mortem
1121 4530 1223 4629 ipsam
1243 4542 1399 4602 armatam
1415 4557 1578 4616 cerneres,
1598 4531 1760 4602 hastatum
1776 4529 1839 4600 sci-

263 4650 340 4724 licet
360 4650 514 4737 militem,
531 4679 634 4753 prope
651 4679 798 4737 crucem,
817 4653 860 4725 iel
878 4679 1026 4724 amarum
1044 4651 1086 4724 ad
1107 4663 1220 4751 potum
1239 4666 1404 4752 paratum,
1429 4651 1665 4726 elementorum
1686 4664 1837 4723 naturam

264 4787 474 4857 commotam,
487 4773 572 4845 diem
589 4773 649 4874 (9)
667 4772 875 4846 tenebrarum
894 4773 996 4868 noctis
1014 4771 1152 4872 speciem
1172 4800 1238 4872 prae
1256 4799 1290 4845 se
1306 4774 1482 4858 serentem,
1502 4773 1608 4846 uelum
1628 4770 1740 4871 templi
1757 4797 1839 4842 con-

265 4894 413 4977 scissum,
428 4907 529 4967 vestes
546 4894 697 4966 Crucisnri
711 4895 843 4979 divisas,
858 4895 1000 4966 tunicam
1019 4893 1108 4966 illius
1127 4906 1212 4966 sorte
1230 4895 1356 4978 datam,
1370 4894 1570 4967 coelcstium²
1588 4893 1742 4966 exercitus
1761 4919 1838 4990 per·

266 4995 466 5101 terrefactus,
485 5043 701 5118 supernorum
721 5029 753 5088 et
769 5015 968 5090 internorum
989 5030 1120 5090 naturas
1138 5015 1235 5089 simul
1250 5016 1429 5116 perculsas,
1447 5015 1684 5116 Prophetarum
1702 5014 1833 5088 oracula

266 5137 409 5238 impleta.

301 5309 308 5338 ¹
330 5305 374 5359 llis
385 5307 489 5373 similia,
503 5308 529 5362 in
541 5307 655 5382 pluribus
670 5308 854 5383 apologetarum
867 5305 967 5363 mundi
978 5306 1061 5362 saculi
1073 5305 1202 5381 operibus,
1214 5305 1327 5380 legimus.
1341 5307 1399 5345 -2
1418 5303 1456 5359 tu
1465 5303 1572 5359 litteram
1585 5306 1783 5378 incorporeorum.
