3980 6084
273 539 340 605 tbi
623 537 800 605 PATRUM
826 535 1226 604 ANTENICAENORUM
1252 537 1491 606 lNleCl'b.

273 689 408 762 Seleuco
434 688 597 770 Nicatore,
616 713 692 785 rege
710 687 829 785 Syriae,
847 699 884 758 ut
908 698 1095 787 computant
1112 686 1296 770 Edessenil,
1321 686 1381 759 sub
1404 687 1571 759 consulatu
1594 687 1722 760 Paulini
1740 702 1773 762 et
1787 691 1858 762 Ju-

274 811 370 893 liani‚
389 808 637 881 clarissimorum
658 809 816 890 virorum,
836 835 887 879 ιιι
904 808 1023 879 mensis
1039 806 1183 891 H'riran‚
1197 835 1253 880 ιιιι
1270 808 1419 881 calendas
1436 807 1553 890 luliaS,
1570 835 1656 882 anno
1674 837 1711 882 ιι
1730 811 1855 883 Chris-

275 946 344 1004 tum
367 930 504 1004 amantis
522 930 725 1028 imperatoris
741 928 946 1002 Constantini
965 928 1092 1026 Magni,
1111 929 1265 1030 principis
1284 928 1404 1006 tidelis.
1424 930 1480 1028 qui
1499 931 1609 1002 Patres
1622 931 1691 1029 jam
1711 931 1744 1002 in
1763 933 1854 1004 urbe

272 1055 396 1151 Ancyra
417 1051 547 1124 Galatia
566 1051 744 1123 adunatos²
761 1051 882 1124 vocavit
900 1050 1054 1132 Nicaeam,
1074 1076 1133 1148 per
1146 1048 1253 1134 illam,
1274 1076 1374 1149 quam
1390 1050 1432 1121 ad
1442 1077 1496 1122 cos
1512 1050 1641 1136 direxit,
1658 1051 1852 1152 epistolam,

274 1174 365 1269 cujus
381 1185 474 1243 tenor
492 1184 539 1244 est
555 1202 563 1243 z

589 1348 739 1448 Εριίιοία3
759 1347 943 1420 Constantini
958 1348 1142 1448 imperatoris
1159 1346 1201 1418 ad
1215 1375 1355 1420 ccorrrrr
1368 1349 1522 1449 episcopos.

327 1508 403 1581 «Nil
430 1507 510 1580 mibi
534 1505 614 1578 adeo
643 1506 732 1578 cordi
761 1532 946 1605 essequam
972 1506 1125 1604 pietatem
1151 1531 1226 1602 erga
1254 1505 1357 1578 Deum
1373 1505 1524 1578 omnibus
1548 1522 1662 1580 notum
1688 1509 1851 1582 existimo.

276 1629 465 1712 «Quoniam
488 1640 596 1699 autom
619 1639 714 1699 antea
731 1626 891 1726 synodum
909 1626 1134 1726 episcoporum
1157 1626 1295 1698 adunari
1316 1627 1351 1698 in
1374 1627 1455 1700 urbe
1473 1629 1597 1727 Ancyra
1615 1629 1747 1702 Gatattae
1768 1630 1853 1730 pla-

275 1763 427 1831 aouerat,
447 1775 550 1831 nunc,
570 1747 680 1818 multis
696 1747 737 1819 de
755 1748 874 1830 causis,
893 1747 992 1819 satius
1011 1773 1079 1819 esse
1095 1746 1198 1819 visum
1217 1759 1264 1819 est
1281 1759 1318 1818 ut
1333 1748 1495 1821 adunetur
1510 1748 1544 1820 in
1563 1749 1645 1822 urbe
1659 1750 1761 1822 Nioaea
1788 1753 1853 1823 bi-

276 1869 436 1968 othyniae‚
455 1869 519 1940 sire
539 1880 574 1938 ut
593 1867 718 1939 lucilius
734 1867 774 1939 de
790 1868 880 1938 ltalia
898 1881 929 1940 et
946 1867 986 1940 de
1003 1866 1130 1966 reliqua
1147 1867 1275 1968 Europa
1292 1867 1434 1968 episcopi
1446 1869 1489 1940 ad
1503 1897 1574 1942 eam
1593 1870 1760 1954 festinent,
1778 1874 1852 1944 sive

276 1991 377 2092 aquia
399 1989 559 2062 salubrior
579 2003 626 2060 est
644 1989 677 2059 in
697 2017 733 2060 ea
752 1989 834 2060 aeris
857 1988 1044 2088 temperies,
1068 1989 1132 2060 sive
1151 2002 1187 2060 ut
1212 2017 1270 2086 ego
1290 1989 1358 2088 ipse
1380 1989 1491 2062 adesse
1508 1991 1629 2090 possim
1654 2006 1853 2093 partemque

277 2110 422 2183 «babere
435 2111 474 2182 iis
488 2138 560 2210 quaa
575 2110 664 2182 lient.
684 2109 901 2210 Quapropter,
919 2109 1030 2182 dilecti
1047 2110 1176 2193 iratres,
1196 2123 1310 2180 notum
1328 2109 1418 2181 vobis
1437 2111 1518 2182 facio
1534 2125 1570 2183 ut
1585 2140 1696 2184 omnes
1712 2113 1753 2184 ad
1768 2115 1854 2186 ciri-

276 2247 399 2304 otatem
418 2229 530 2334 (925)
556 2229 754 2330 praedictam,
778 2230 936 2313 Nicaeam,
956 2231 1106 2330 inquam,
1126 2230 1316 2328 congregari
1334 2258 1432 2330 quam
1453 2231 1594 2331 primum
1618 2233 1718 2304 votol.
1737 2234 1854 2307 Unus-

277 2355 440 2455 ‹cquisque
454 2365 611 2436 vestrum,
625 2351 664 2423 iis
677 2379 749 2450 qua
762 2351 885 2450 potiora
899 2363 976 2421 sunt
990 2350 1177 2434 attendens,
1192 2363 1227 2422 ut
1241 2364 1334 2422 antea
1349 2350 1470 2423 dictum
1484 2365 1546 2436 est,
1560 2353 1710 2426 accedere
1722 2354 1851 2455 absque

277 2504 392 2548 amora
409 2474 560 2547 velociter
572 2474 716 2557 festinet,
734 2485 771 2544 ut
787 2498 929 2572 praesens
946 2472 1014 2572 ipse
1035 2472 1072 2543 iis
1088 2499 1160 2571 quae
1178 2486 1320 2569 aguntur
1335 2473 1471 2544 assistat.
1490 2474 1575 2546 Deus
1597 2476 1754 2548 custodiat
1769 2503 1849 2562 vos,

277 2597 417 2668 «iratres
432 2594 649 2667 dilectissimi⁵
662 2594 696 2662 ln

328 2715 410 2788 Cum
430 2716 527 2812 igitur
544 2712 666 2812 absque
685 2738 774 2782 mora
793 2711 929 2783 Nicaeam
944 2711 1095 2784 velociter
1110 2713 1294 2810 congregati
1318 2711 1454 2785 luissent
1476 2713 1537 2813 ipsi
1560 2713 1670 2786 Patres
1690 2715 1742 2786 die
1763 2743 1851 2816 [ircoL

277 2836 379 2920 dicta,
399 2861 509 2907 omnes
523 2834 634 2917 simul,
651 2860 723 2905 cum
739 2832 862 2931 Spiritu
879 2832 1012 2915 Sancto,
1033 2833 1139 2931 quiin
1157 2835 1203 2904 eis
1221 2846 1305 2918 erat,
1321 2834 1404 2905 inira
1419 2834 1609 2934 descriptam
1630 2817 1706 2908 filei
1723 2837 1851 2908 iocoru-

281 2959 345 3030 lam
365 2971 397 3028 et
414 2954 593 3055 symbolum
611 2967 861 3053 composuerunt
876 2966 907 3024 ct
923 2952 1131 3025 decreverunt
1150 2985 1157 3024 :

329 3079 494 3152 Sarranum
520 3104 609 3148 riori.
629 3119 677 3130 -
700 3073 888 3146 Credimus⁰
905 3074 939 3144 in
963 3101 1067 3146 unum
1090 3074 1194 3146 Deum
1212 3074 1342 3148 Patrem
1362 3075 1469 3147 omnia
1493 3088 1673 3160 tenentem,
1692 3078 1852 3151 factorem

278 3201 408 3274 illorum
430 3199 577 3272 omnium
600 3224 672 3298 quae
699 3195 850 3268 ridentur
870 3208 901 3267 et
923 3222 1036 3267 eorum
1064 3224 1135 3295 quae
1160 3223 1226 3268 non
1252 3196 1416 3282 videntum
1441 3210 1472 3269 et
1492 3197 1525 3269 in
1546 3224 1647 3269 unum
1669 3199 1851 3271 Dominum

276 3324 387 3396 lesum
406 3321 585 3404 Christum,
606 3318 725 3391 Filium
748 3317 822 3400 llei,
843 3316 936 3388 illum
960 3318 1017 3417 qui
1038 3345 1056 3387 a
1076 3317 1170 3388 Patre
1192 3333 1286 3389 natus
1307 3319 1577 3414 munigenitus,
1601 3318 1693 3391 illum
1720 3321 1776 3419 qui
1800 3335 1854 3392 est

279 3471 315 3516 ex
330 3441 510 3515 substantia
529 3441 649 3524 Patris,
670 3440 772 3511 Deum
790 3438 830 3510 de
848 3438 1060 3522 Deo,lumen
1077 3438 1272 3522 delumine,
1290 3439 1394 3514 Deum
1412 3466 1523 3510 verum
1541 3438 1581 3510 de
1597 3440 1664 3511 Deo
1680 3467 1771 3524 vero,
1789 3444 1852 3542 qui

280 3576 375 3637 natus
392 3576 440 3636 est
457 3577 489 3636 et
505 3563 607 3634 lactus
624 3574 766 3644 nonest,
786 3559 962 3658 aqualcm⁷
981 3559 1069 3631 Patri
1085 3559 1119 3629 in
1138 3558 1333 3645 substantia,
1349 3560 1442 3631 illum
1459 3586 1518 3660 per
1533 3587 1630 3660 quem
1644 3561 1753 3633 omnia
1764 3563 1853 3634 lacta

280 3700 371 3769 sunt,
387 3712 459 3786 quae
476 3685 511 3755 in
529 3683 614 3755 coelis
630 3695 662 3754 et
676 3708 748 3780 qua
762 3681 796 3751 in
818 3692 918 3764 terra,
934 3680 1025 3750 illum
1045 3679 1099 3777 qui
1115 3693 1248 3778 propter
1269 3706 1328 3750 nos
1346 3679 1493 3751 homines
1510 3694 1541 3752 et
1558 3694 1690 3780 propter
1706 3696 1853 3754 nostram

281 3807 417 3878 salutem
440 3803 619 3886 descendit,
643 3802 827 3872 incarnatus
846 3811 896 3871 ost
913 3813 944 3871 et
965 3798 1062 3872 homo
1089 3799 1189 3872 lactus
1215 3812 1275 3884 est,
1299 3826 1412 3900 passus
1438 3814 1486 3872 est
1506 3813 1538 3872 et
1558 3801 1731 3874 resurrexit
1754 3803 1854 3875 tortia

282 3927 351 4010 die,
370 3940 402 3998 et
419 3923 562 3997 ascendit
579 3921 619 3992 ad
638 3920 750 4004 coelos,
766 3919 854 3991 unde
869 3932 1021 3990 venturus
1035 3932 1082 3991 est
1091 3919 1296 4018 judicaturus
1315 3920 1400 3993 vivos
1415 3933 1446 3991 et
1463 3934 1619 3993 mortuos.
1638 3920 1678 3992 Et
1691 3923 1724 3993 in
1743 3923 1856 4022 Spiri-

282 4061 350 4119 tum
365 4045 530 4118 Sanctum.
545 4043 607 4115 Eos
625 4042 681 4143 qui
694 4041 807 4113 dicunt
826 4053 953 4140 tempus
967 4041 1065 4112 luisse
1077 4039 1208 4140 quando
1227 4067 1294 4113 non
1313 4054 1397 4125 erat,
1414 4055 1446 4114 et
1463 4056 1638 4141 antequam
1654 4057 1854 4128 nasceretur,

282 4195 349 4241 non
364 4167 474 4246 luisse,
489 4177 545 4236 aut
557 4191 593 4235 er
608 4163 648 4234 iis
661 4189 733 4263 quaa
747 4189 814 4234 non
832 4177 908 4234 sunt
923 4161 1090 4246 exstitisse,
1105 4174 1162 4232 aut
1177 4189 1213 4232 er
1230 4161 1293 4233 alia
1306 4188 1461 4260 persona,
1474 4175 1577 4234 auter
1593 4161 1656 4234 alia
1671 4163 1856 4236 substantia

282 4316 366 4372 esse,
381 4299 437 4358 aut
453 4283 642 4358 mutabilem
660 4296 692 4355 et
705 4281 892 4357 variabilem
907 4294 1059 4381 reputant
1077 4281 1194 4354 Filium
1215 4282 1290 4366 Dei,
1308 4282 1366 4354 hos
1380 4281 1584 4356 anathemate
1598 4283 1709 4382 plectit
1723 4297 1855 4370 sancta,

282 4409 436 4482 catholica
454 4420 485 4478 et
503 4403 676 4507 apostolica
692 4403 859 4477 Ecclesia⁸.

1106 4561 1163 4615 totas
1178 4559 1327 4615 Constantini
1339 4561 1382 4632 (B.
1401 4559 1498 4634 lisigni,
1509 4563 1589 4634 putris
1605 4559 1752 4616 Comtoatioi
1765 4561 1857 4617 lunio-

1104 4656 1152 4727 rio)
1170 4673 1219 4728 qno
1231 4655 1350 4726 episcopor
1364 4652 1577 4727 AncyraNicoeurn
1590 4667 1708 4710 wnoocm.
1727 4687 1765 4696 -
1785 4657 1796 4691 ⁸
1818 4657 1855 4722 B,

320 4568 328 4598 ¹
341 4564 399 4618 AEra
407 4563 585 4618 Edessenorum
593 4581 662 4636 ,que
669 4560 798 4616 estendam
806 4579 869 4615 acea
877 4579 933 4635 qnae
941 4559 1030 4615 dicitur

282 4655 533 4730 Syroblacedonum,
550 4654 638 4728 incipit
651 4669 717 4708 anno
736 4673 801 4710 ccorr
819 4660 876 4710 ante
893 4655 1029 4712 Christum.

281 4753 337 4791 —¹
350 4750 406 4813 Quo
416 4747 578 4802 fondamento
588 4755 680 4802 asserat
690 4748 888 4820 syrusinterpres
898 4748 1029 4802 concilium

281 4842 355 4898 fuisse
376 4842 445 4916 prins
464 4843 563 4913 Aoqrae
586 4848 695 4895 coactum
715 4841 846 4895 intertium.
861 4840 945 4904 Unus,
965 4841 1031 4894 inter

281 4955 369 4991 omncs
380 4935 489 4990 historiar
504 4935 647 5007 scriptores,
661 4933 714 5006 ipre
726 4933 772 4986 boc
786 4933 876 4986 lactitm
894 4931 966 4986 nobis
979 4951 1030 4986 sen-

280 5030 357 5092 varit,
367 5029 389 5082 si
400 5047 457 5083 vera
472 5029 523 5082 sint
536 5045 592 5100 quae
604 5025 719 5080 affirmat
736 5029 776 5088 tt,
787 5024 849 5078 sorte
862 5023 902 5078 bic
912 5023 1030 5078 alluditur

280 5123 312 5178 ad
327 5121 507 5197 praecedentem
522 5121 674 5193 Anoyrroem
686 5117 820 5191 synodum,
832 5117 859 5172 in
872 5136 921 5190 qua
931 5118 1027 5180 Patres,

281 5217 313 5270 do
327 5215 460 5272 adunando
477 5215 570 5270 iterum
584 5211 688 5268 concilio
702 5212 730 5264 in
745 5209 831 5266 eadem
848 5209 922 5276 urbe,
939 5229 1029 5266 conve-

285 5311 339 5362 nire
351 5311 417 5362 inter
429 5327 456 5362 se
468 5313 606 5382 potuerant.
617 5307 677 5348 -³
692 5304 726 5366 B,
740 5306 759 5360 C
775 5325 781 5356 ι
799 5303 908 5376 Epistola
921 5302 1029 5377 lmpera-

1105 4747 1124 4802 G
1135 4748 1214 4801 omitt.
1225 4747 1285 4800 eolo.
1300 4779 1338 4786 —
1351 4751 1360 4780 ⁵
1376 4749 1421 4802 llic
1435 4748 1453 4802 C
1466 4755 1611 4821 sequentem
1627 4756 1710 4803 notam
1722 4749 1854 4805 continet:

1105 4840 1186 4894 «Cum
1200 4837 1306 4912 synodos
1316 4849 1461 4915 congregata
1471 4840 1557 4897 subeat
1568 4842 1594 4895 io
1609 4841 1669 4896 urbe
1679 4841 1857 4914 niteamus

1104 4930 1211 4986 edictum
1223 4933 1394 5006 Imperatoris,
1403 4952 1459 5007 qnae
1468 4951 1551 4990 veram
1562 4933 1636 4988 tidem
1645 4934 1777 5008 respiciunt
1786 4953 1857 4990 com·

1104 5026 1186 5098 posuit
1201 5043 1357 5100 canonesque
1375 5025 1439 5079 inira
1455 5025 1589 5101 descriptos
1607 5025 1740 5082 demerita
1752 5031 1813 5067 —-⁸
1832 5029 1856 5084 B

1104 5117 1183 5173 nudo.
1197 5149 1235 5160 —
1252 5121 1261 5154 ⁷
1275 5119 1373 5189 bsilice
1387 5117 1527 5174 substantio
1545 5119 1634 5175 Patris.
1648 5151 1685 5162 --
1701 5123 1711 5154 ⁸
1726 5119 1763 5176 Ab
1779 5121 1857 5175 initio

1104 5211 1210 5284 symboli
1220 5211 1270 5266 buc
1279 5231 1370 5285 nsque,
1378 5231 1434 5286 que
1444 5211 1571 5268 edidimus
1581 5215 1672 5285 syriace
1683 5213 1762 5268 edidit
1775 5215 1857 5270 otiam

1106 5306 1200 5379 coptice
1215 5306 1243 5360 ll.
1261 5305 1382 5360 Rerillont
1403 5307 1429 5360 in
1450 5305 1517 5362 dicto
1534 5305 1619 5360 Dianio
1639 5308 1750 5368 miton,
1767 5308 1856 5380 ¹873,
