<?xml version="1.0" encoding="UTF-8"?>
<!DOCTYPE html PUBLIC "-//W3C//DTD XHTML 1.0 Transitional//EN"
    "http://www.w3.org/TR/xhtml1/DTD/xhtml1-transitional.dtd">
<html xmlns="http://www.w3.org/1999/xhtml" xml:lang="en" lang="en">
 <head>
  <title>
</title>
<meta http-equiv="Content-Type" content="text/html;charset=utf-8" />
  <meta name='ocr-system' content='tesseract 3.04.00' />
  <meta name='ocr-capabilities' content='ocr_page ocr_carea ocr_par ocr_line ocrx_word'/>
</head>
<body>
  <div class='ocr_page' id='page_1' title='image "./analectasacrasp03pitrgoog_0403.png"; bbox 0 0 4006 6098; ppageno 0'>
   <div class='ocr_carea' id='block_1_1' title="bbox 265 537 1488 651">
    <p class='ocr_par' dir='ltr' id='par_1_1' title="bbox 265 537 1488 651">
     <span class='ocr_line' id='line_1_1' title="bbox 265 537 1488 651; baseline -0.003 -1"><span class='ocrx_word' id='word_1_1' title='bbox 265 585 333 651; x_wconf 80' lang='lat' dir='ltr'><strong>aaa</strong></span> <span class='ocrx_word' id='word_1_2' title='bbox 617 579 789 647; x_wconf 77' lang='lat' dir='ltr'><strong>raruun</strong></span> <span class='ocrx_word' id='word_1_3' title='bbox 820 577 1219 646; x_wconf 78' lang='lat' dir='ltr'><strong>iuramenuoaun</strong></span> <span class='ocrx_word' id='word_1_4' title='bbox 1251 537 1488 646; x_wconf 73' lang='lat' dir='ltr'><strong>anteneri.</strong></span> 
     </span>
    </p>
   </div>
   <div class='ocr_carea' id='block_1_2' title="bbox 264 726 1842 1436">
    <p class='ocr_par' dir='ltr' id='par_1_2' title="bbox 264 726 1842 1436">
     <span class='ocr_line' id='line_1_2' title="bbox 265 726 1842 834; baseline -0.004 -28"><span class='ocrx_word' id='word_1_5' title='bbox 265 761 434 834; x_wconf 90' lang='lat' dir='ltr'><strong>nunquam</strong></span> <span class='ocrx_word' id='word_1_6' title='bbox 454 745 656 833; x_wconf 72' lang='lat' dir='ltr'><strong>separantem</strong></span> <span class='ocrx_word' id='word_1_7' title='bbox 676 729 833 830; x_wconf 90' lang='lat' dir='ltr'><strong>Spiritum</strong></span> <span class='ocrx_word' id='word_1_8' title='bbox 849 729 1005 800; x_wconf 89' lang='lat' dir='ltr'><strong>Sanctum</strong></span> <span class='ocrx_word' id='word_1_9' title='bbox 1029 756 1047 800; x_wconf 90' lang='lat' dir='ltr'><strong>a</strong></span> <span class='ocrx_word' id='word_1_10' title='bbox 1063 728 1229 800; x_wconf 87' lang='lat' dir='ltr'><strong>divinitate</strong></span> <span class='ocrx_word' id='word_1_11' title='bbox 1248 727 1352 799; x_wconf 86' lang='lat' dir='ltr'><strong>Patris</strong></span> <span class='ocrx_word' id='word_1_12' title='bbox 1370 742 1402 799; x_wconf 89' lang='lat' dir='ltr'><strong>et</strong></span> <span class='ocrx_word' id='word_1_13' title='bbox 1420 726 1509 810; x_wconf 83' lang='lat' dir='ltr'><strong>Filii,</strong></span> <span class='ocrx_word' id='word_1_14' title='bbox 1529 727 1594 798; x_wconf 90' lang='lat' dir='ltr'><strong>imo</strong></span> <span class='ocrx_word' id='word_1_15' title='bbox 1613 727 1698 800; x_wconf 89' lang='lat' dir='ltr'><strong>clare</strong></span> <span class='ocrx_word' id='word_1_16' title='bbox 1712 728 1842 826; x_wconf 79' lang='lat' dir='ltr'><strong>signifi-</strong></span> 
     </span>
     <span class='ocr_line' id='line_1_3' title="bbox 266 845 1839 953; baseline -0.003 -27"><span class='ocrx_word' id='word_1_17' title='bbox 266 868 390 926; x_wconf 77' lang='lat' dir='ltr'><strong>cantem</strong></span> <span class='ocrx_word' id='word_1_18' title='bbox 405 852 544 953; x_wconf 76' lang='lat' dir='ltr'>Spiritus</span> <span class='ocrx_word' id='word_1_19' title='bbox 559 851 669 924; x_wconf 89' lang='lat' dir='ltr'><strong>Sancti</strong></span> <span class='ocrx_word' id='word_1_20' title='bbox 686 849 882 922; x_wconf 88' lang='lat' dir='ltr'><strong>locutionem</strong></span> <span class='ocrx_word' id='word_1_21' title='bbox 900 875 936 920; x_wconf 85' lang='lat' dir='ltr'><strong>ex</strong></span> <span class='ocrx_word' id='word_1_22' title='bbox 955 875 1093 948; x_wconf 86' lang='lat' dir='ltr'><strong>persona</strong></span> <span class='ocrx_word' id='word_1_23' title='bbox 1109 845 1170 919; x_wconf 86' lang='lat' dir='ltr'><strong>Dei</strong></span> <span class='ocrx_word' id='word_1_24' title='bbox 1187 873 1256 920; x_wconf 89' lang='lat' dir='ltr'><strong>esse</strong></span> <span class='ocrx_word' id='word_1_25' title='bbox 1272 861 1304 920; x_wconf 88' lang='lat' dir='ltr'><strong>et</strong></span> <span class='ocrx_word' id='word_1_26' title='bbox 1321 875 1339 920; x_wconf 87' lang='lat' dir='ltr'><strong>a</strong></span> <span class='ocrx_word' id='word_1_27' title='bbox 1357 848 1426 920; x_wconf 87' lang='lat' dir='ltr'><strong>Deo</strong></span> <span class='ocrx_word' id='word_1_28' title='bbox 1448 847 1626 948; x_wconf 75' lang='lat' dir='ltr'>prolatam,</span> <span class='ocrx_word' id='word_1_29' title='bbox 1638 849 1721 920; x_wconf 89' lang='lat' dir='ltr'><strong>sicut</strong></span> <span class='ocrx_word' id='word_1_30' title='bbox 1736 876 1839 922; x_wconf 89' lang='lat' dir='ltr'><strong>asser-</strong></span> 
     </span>
     <span class='ocr_line' id='line_1_4' title="bbox 265 967 1840 1072; baseline -0.005 -24"><span class='ocrx_word' id='word_1_31' title='bbox 265 989 334 1048; x_wconf 92' lang='lat' dir='ltr'><strong>tum</strong></span> <span class='ocrx_word' id='word_1_32' title='bbox 353 974 450 1047; x_wconf 86' lang='lat' dir='ltr'><strong>estin</strong></span> <span class='ocrx_word' id='word_1_33' title='bbox 469 973 572 1046; x_wconf 89' lang='lat' dir='ltr'><strong>verbis</strong></span> <span class='ocrx_word' id='word_1_34' title='bbox 591 999 663 1072; x_wconf 83' lang='lat' dir='ltr'><strong>quae</strong></span> <span class='ocrx_word' id='word_1_35' title='bbox 683 983 777 1044; x_wconf 88' lang='lat' dir='ltr'><strong>antea</strong></span> <span class='ocrx_word' id='word_1_36' title='bbox 795 970 879 1043; x_wconf 90' lang='lat' dir='ltr'><strong>dicta</strong></span> <span class='ocrx_word' id='word_1_37' title='bbox 899 983 986 1041; x_wconf 88' lang='lat' dir='ltr'><strong>sunt.</strong></span> <span class='ocrx_word' id='word_1_38' title='bbox 1003 970 1140 1068; x_wconf 80' lang='lat' dir='ltr'><strong>Propter</strong></span> <span class='ocrx_word' id='word_1_39' title='bbox 1158 968 1220 1040; x_wconf 93' lang='lat' dir='ltr'><strong>hoc</strong></span> <span class='ocrx_word' id='word_1_40' title='bbox 1238 967 1326 1040; x_wconf 89' lang='lat' dir='ltr'><strong>enim</strong></span> <span class='ocrx_word' id='word_1_41' title='bbox 1344 995 1431 1040; x_wconf 83' lang='lat' dir='ltr'><strong>unus</strong></span> <span class='ocrx_word' id='word_1_42' title='bbox 1445 969 1548 1053; x_wconf 86' lang='lat' dir='ltr'><strong>Deus,</strong></span> <span class='ocrx_word' id='word_1_43' title='bbox 1565 967 1683 1042; x_wconf 88' lang='lat' dir='ltr'><strong>Sancta</strong></span> <span class='ocrx_word' id='word_1_44' title='bbox 1698 970 1840 1042; x_wconf 82' lang='lat' dir='ltr'><strong>Trinitas</strong></span> 
     </span>
     <span class='ocr_line' id='line_1_5' title="bbox 265 1089 1838 1191; baseline -0.003 -24"><span class='ocrx_word' id='word_1_45' title='bbox 265 1094 426 1167; x_wconf 90' lang='lat' dir='ltr'><strong>creditur¹</strong></span> <span class='ocrx_word' id='word_1_46' title='bbox 449 1107 481 1166; x_wconf 88' lang='lat' dir='ltr'><strong>et</strong></span> <span class='ocrx_word' id='word_1_47' title='bbox 500 1093 666 1176; x_wconf 85' lang='lat' dir='ltr'><strong>adoratur,</strong></span> <span class='ocrx_word' id='word_1_48' title='bbox 683 1094 773 1191; x_wconf 86' lang='lat' dir='ltr'><strong>juxta</strong></span> <span class='ocrx_word' id='word_1_49' title='bbox 792 1119 830 1164; x_wconf 89' lang='lat' dir='ltr'><strong>ea</strong></span> <span class='ocrx_word' id='word_1_50' title='bbox 846 1117 919 1190; x_wconf 84' lang='lat' dir='ltr'><strong>quae</strong></span> <span class='ocrx_word' id='word_1_51' title='bbox 936 1117 954 1161; x_wconf 92' lang='lat' dir='ltr'><strong>a</strong></span> <span class='ocrx_word' id='word_1_52' title='bbox 972 1089 1160 1189; x_wconf 75' lang='lat' dir='ltr'><strong>Scriptura²</strong></span> <span class='ocrx_word' id='word_1_53' title='bbox 1174 1101 1294 1161; x_wconf 86' lang='lat' dir='ltr'><strong>asserta</strong></span> <span class='ocrx_word' id='word_1_54' title='bbox 1312 1101 1403 1173; x_wconf 88' lang='lat' dir='ltr'><strong>sunt;</strong></span> <span class='ocrx_word' id='word_1_55' title='bbox 1423 1089 1601 1188; x_wconf 76' lang='lat' dir='ltr'><strong>presertim</strong></span> <span class='ocrx_word' id='word_1_56' title='bbox 1619 1089 1694 1190; x_wconf 90' lang='lat' dir='ltr'><strong>quia</strong></span> <span class='ocrx_word' id='word_1_57' title='bbox 1714 1091 1838 1190; x_wconf 88' lang='lat' dir='ltr'><strong>ubique</strong></span> 
     </span>
     <span class='ocr_line' id='line_1_6' title="bbox 264 1209 1839 1314; baseline -0.003 -26"><span class='ocrx_word' id='word_1_58' title='bbox 264 1217 299 1288; x_wconf 93' lang='lat' dir='ltr'><strong>in</strong></span> <span class='ocrx_word' id='word_1_59' title='bbox 320 1214 436 1287; x_wconf 89' lang='lat' dir='ltr'><strong>divinis</strong></span> <span class='ocrx_word' id='word_1_60' title='bbox 455 1214 629 1314; x_wconf 87' lang='lat' dir='ltr'><strong>Scripturis</strong></span> <span class='ocrx_word' id='word_1_61' title='bbox 649 1212 742 1286; x_wconf 87' lang='lat' dir='ltr'><strong>nohis</strong></span> <span class='ocrx_word' id='word_1_62' title='bbox 765 1213 937 1285; x_wconf 91' lang='lat' dir='ltr'><strong>innumera</strong></span> <span class='ocrx_word' id='word_1_63' title='bbox 958 1211 1174 1283; x_wconf 88' lang='lat' dir='ltr'><strong>documenta³</strong></span> <span class='ocrx_word' id='word_1_64' title='bbox 1194 1222 1388 1310; x_wconf 90' lang='lat' dir='ltr'><strong>suppetunt,</strong></span> <span class='ocrx_word' id='word_1_65' title='bbox 1408 1237 1480 1310; x_wconf 83' lang='lat' dir='ltr'><strong>quae</strong></span> <span class='ocrx_word' id='word_1_66' title='bbox 1500 1209 1709 1310; x_wconf 90' lang='lat' dir='ltr'><strong>apostolicam</strong></span> <span class='ocrx_word' id='word_1_67' title='bbox 1731 1224 1764 1282; x_wconf 90' lang='lat' dir='ltr'><strong>et</strong></span> <span class='ocrx_word' id='word_1_68' title='bbox 1783 1237 1839 1283; x_wconf 89' lang='lat' dir='ltr'><strong>oc-</strong></span> 
     </span>
     <span class='ocr_line' id='line_1_7' title="bbox 265 1333 944 1436; baseline -0.009 -26"><span class='ocrx_word' id='word_1_69' title='bbox 265 1337 474 1410; x_wconf 85' lang='lat' dir='ltr'><strong>clesiasticam</strong></span> <span class='ocrx_word' id='word_1_70' title='bbox 493 1335 589 1407; x_wconf 90' lang='lat' dir='ltr'><strong>simul</strong></span> <span class='ocrx_word' id='word_1_71' title='bbox 607 1334 704 1405; x_wconf 85' lang='lat' dir='ltr'><strong>fidem</strong></span> <span class='ocrx_word' id='word_1_72' title='bbox 721 1333 944 1436; x_wconf 91' lang='lat' dir='ltr'><strong>comprobant.</strong></span> 
     </span>
    </p>
   </div>
   <div class='ocr_carea' id='block_1_3' title="bbox 608 1587 1499 1651">
    <p class='ocr_par' dir='ltr' id='par_1_3' title="bbox 608 1587 1499 1651">
     <span class='ocr_line' id='line_1_8' title="bbox 608 1587 1499 1651; baseline -0.003 0"><span class='ocrx_word' id='word_1_73' title='bbox 608 1589 814 1651; x_wconf 79' lang='lat' dir='ltr'><strong>n—Ftnul</strong></span> <span class='ocrx_word' id='word_1_74' title='bbox 836 1588 1053 1650; x_wconf 84' lang='lat' dir='ltr'>SECUNDUM</span> <span class='ocrx_word' id='word_1_75' title='bbox 1074 1587 1227 1650; x_wconf 76' lang='lat' dir='ltr'><strong>PARTES</strong></span> <span class='ocrx_word' id='word_1_76' title='bbox 1248 1587 1499 1651; x_wconf 75' lang='lat' dir='ltr'><strong>FRAGMENTA.</strong></span> 
     </span>
    </p>
   </div>
   <div class='ocr_carea' id='block_1_4' title="bbox 265 1751 1842 2236">
    <p class='ocr_par' dir='ltr' id='par_1_4' title="bbox 265 1751 1842 2236">
     <span class='ocr_line' id='line_1_9' title="bbox 325 1751 1840 1873; baseline -0.002 -29"><span class='ocrx_word' id='word_1_77' title='bbox 325 1783 355 1844; x_wconf 86' lang='lat'><strong>1⁰</strong></span> <span class='ocrx_word' id='word_1_78' title='bbox 371 1771 428 1873; x_wconf 87' lang='lat' dir='ltr'><strong>(n)</strong></span> <span class='ocrx_word' id='word_1_79' title='bbox 456 1771 703 1844; x_wconf 78' lang='lat' dir='ltr'><strong>passibilitatem</strong></span> <span class='ocrx_word' id='word_1_80' title='bbox 727 1769 831 1840; x_wconf 89' lang='lat' dir='ltr'><strong>carnis</strong></span> <span class='ocrx_word' id='word_1_81' title='bbox 852 1767 894 1840; x_wconf 91' lang='lat' dir='ltr'><strong>ad</strong></span> <span class='ocrx_word' id='word_1_82' title='bbox 923 1768 1151 1868; x_wconf 92' lang='lat' dir='ltr'><strong>complendum</strong></span> <span class='ocrx_word' id='word_1_83' title='bbox 1182 1769 1370 1867; x_wconf 75' lang='lat' dir='ltr'><strong>mysterium</strong></span> <span class='ocrx_word' id='word_1_84' title='bbox 1393 1767 1515 1868; x_wconf 90' lang='lat' dir='ltr'><strong>accepit</strong></span> <span class='ocrx_word' id='word_1_85' title='bbox 1538 1751 1704 1842; x_wconf 86' lang='lat' dir='ltr'><strong>Divinitas.</strong></span> <span class='ocrx_word' id='word_1_86' title='bbox 1724 1768 1840 1842; x_wconf 88' lang='lat' dir='ltr'><strong>Soluta</strong></span> 
     </span>
     <span class='ocr_line' id='line_1_10' title="bbox 266 1889 1841 1992; baseline -0.002 -27"><span class='ocrx_word' id='word_1_87' title='bbox 266 1907 375 1966; x_wconf 87' lang='lat' dir='ltr'><strong>autem</strong></span> <span class='ocrx_word' id='word_1_88' title='bbox 402 1907 521 1975; x_wconf 88' lang='lat' dir='ltr'><strong>morte,</strong></span> <span class='ocrx_word' id='word_1_89' title='bbox 542 1892 619 1963; x_wconf 92' lang='lat' dir='ltr'><strong>huic</strong></span> <span class='ocrx_word' id='word_1_90' title='bbox 643 1903 759 1963; x_wconf 78' lang='lat' dir='ltr'><strong>sancta</strong></span> <span class='ocrx_word' id='word_1_91' title='bbox 784 1891 872 1963; x_wconf 90' lang='lat' dir='ltr'><strong>carni</strong></span> <span class='ocrx_word' id='word_1_92' title='bbox 890 1889 976 1992; x_wconf 66' lang='grc'>(94)</span> <span class='ocrx_word' id='word_1_93' title='bbox 997 1889 1240 1989; x_wconf 89' lang='lat' dir='ltr'><strong>impassibilitas</strong></span> <span class='ocrx_word' id='word_1_94' title='bbox 1265 1889 1419 1990; x_wconf 86' lang='lat' dir='ltr'><strong>perennis</strong></span> <span class='ocrx_word' id='word_1_95' title='bbox 1446 1901 1477 1960; x_wconf 88' lang='lat' dir='ltr'><strong>et</strong></span> <span class='ocrx_word' id='word_1_96' title='bbox 1496 1889 1585 1988; x_wconf 81' lang='lat' dir='ltr'><strong>jugis</strong></span> <span class='ocrx_word' id='word_1_97' title='bbox 1612 1889 1841 1962; x_wconf 71' lang='lat' dir='ltr'><strong>immortalitas</strong></span> 
     </span>
     <span class='ocr_line' id='line_1_11' title="bbox 265 2009 1842 2119; baseline -0.003 -33"><span class='ocrx_word' id='word_1_98' title='bbox 265 2011 480 2119; x_wconf 81' lang='lat' dir='ltr'><strong>(confertur),</strong></span> <span class='ocrx_word' id='word_1_99' title='bbox 491 2014 606 2086; x_wconf 86' lang='lat' dir='ltr'><strong>virtute</strong></span> <span class='ocrx_word' id='word_1_100' title='bbox 622 2011 798 2086; x_wconf 87' lang='lat' dir='ltr'><strong>divinitatis</strong></span> <span class='ocrx_word' id='word_1_101' title='bbox 815 2025 1003 2111; x_wconf 89' lang='lat' dir='ltr'><strong>recuperata</strong></span> <span class='ocrx_word' id='word_1_102' title='bbox 1017 2024 1050 2083; x_wconf 90' lang='lat' dir='ltr'><strong>et</strong></span> <span class='ocrx_word' id='word_1_103' title='bbox 1065 2024 1220 2084; x_wconf 82' lang='lat' dir='ltr'><strong>manante</strong></span> <span class='ocrx_word' id='word_1_104' title='bbox 1233 2011 1267 2081; x_wconf 91' lang='lat' dir='ltr'><strong>in</strong></span> <span class='ocrx_word' id='word_1_105' title='bbox 1284 2037 1395 2082; x_wconf 90' lang='lat' dir='ltr'><strong>omnes</strong></span> <span class='ocrx_word' id='word_1_106' title='bbox 1413 2009 1577 2093; x_wconf 88' lang='lat' dir='ltr'><strong>homines,</strong></span> <span class='ocrx_word' id='word_1_107' title='bbox 1593 2037 1653 2110; x_wconf 91' lang='lat' dir='ltr'><strong>per</strong></span> <span class='ocrx_word' id='word_1_108' title='bbox 1668 2010 1744 2083; x_wconf 88' lang='lat' dir='ltr'><strong>fidei</strong></span> <span class='ocrx_word' id='word_1_109' title='bbox 1758 2037 1842 2111; x_wconf 92' lang='lat' dir='ltr'><strong>par-</strong></span> 
     </span>
     <span class='ocr_line' id='line_1_12' title="bbox 266 2132 919 2236; baseline -0.008 -28"><span class='ocrx_word' id='word_1_110' title='bbox 266 2135 501 2236; x_wconf 87' lang='lat' dir='ltr'><strong>ticipationem,</strong></span> <span class='ocrx_word' id='word_1_111' title='bbox 520 2133 763 2233; x_wconf 87' lang='lat' dir='ltr'><strong>pulchritudine</strong></span> <span class='ocrx_word' id='word_1_112' title='bbox 778 2132 883 2232; x_wconf 89' lang='lat' dir='ltr'><strong>prima</strong></span> <span class='ocrx_word' id='word_1_113' title='bbox 894 2135 919 2203; x_wconf 68' lang='lat'><strong>⁴.</strong></span> 
     </span>
    </p>
   </div>
   <div class='ocr_carea' id='block_1_5' title="bbox 264 2309 1839 3121">
    <p class='ocr_par' dir='ltr' id='par_1_5' title="bbox 264 2309 1839 3121">
     <span class='ocr_line' id='line_1_13' title="bbox 321 2309 1838 2415; baseline -0.003 -30"><span class='ocrx_word' id='word_1_114' title='bbox 321 2325 354 2385; x_wconf 78' lang='lat'><strong>2⁰</strong></span> <span class='ocrx_word' id='word_1_115' title='bbox 368 2311 440 2415; x_wconf 85' lang='grc' dir='ltr'>(ιιι)</span> <span class='ocrx_word' id='word_1_116' title='bbox 466 2312 542 2384; x_wconf 81' lang='lat' dir='ltr'><strong>Est⁵</strong></span> <span class='ocrx_word' id='word_1_117' title='bbox 555 2311 642 2385; x_wconf 89' lang='lat' dir='ltr'><strong>Deus</strong></span> <span class='ocrx_word' id='word_1_118' title='bbox 658 2337 750 2382; x_wconf 83' lang='lat' dir='ltr'><strong>verus</strong></span> <span class='ocrx_word' id='word_1_119' title='bbox 770 2310 828 2409; x_wconf 87' lang='lat' dir='ltr'><strong>qui</strong></span> <span class='ocrx_word' id='word_1_120' title='bbox 847 2310 952 2381; x_wconf 90' lang='lat' dir='ltr'><strong>carnis</strong></span> <span class='ocrx_word' id='word_1_121' title='bbox 970 2336 1080 2408; x_wconf 82' lang='lat' dir='ltr'><strong>expers</strong></span> <span class='ocrx_word' id='word_1_122' title='bbox 1096 2312 1130 2380; x_wconf 93' lang='lat' dir='ltr'><strong>in</strong></span> <span class='ocrx_word' id='word_1_123' title='bbox 1148 2335 1244 2382; x_wconf 90' lang='lat' dir='ltr'><strong>carne</strong></span> <span class='ocrx_word' id='word_1_124' title='bbox 1262 2309 1486 2382; x_wconf 80' lang='lat' dir='ltr'><strong>manifestatus</strong></span> <span class='ocrx_word' id='word_1_125' title='bbox 1503 2322 1567 2394; x_wconf 87' lang='lat' dir='ltr'><strong>est,</strong></span> <span class='ocrx_word' id='word_1_126' title='bbox 1583 2310 1743 2409; x_wconf 87' lang='lat' dir='ltr'><strong>perlectus</strong></span> <span class='ocrx_word' id='word_1_127' title='bbox 1761 2335 1838 2382; x_wconf 89' lang='lat' dir='ltr'><strong>vera</strong></span> 
     </span>
     <span class='ocr_line' id='line_1_14' title="bbox 266 2429 1838 2534; baseline -0.003 -26"><span class='ocrx_word' id='word_1_128' title='bbox 266 2450 297 2508; x_wconf 91' lang='lat' dir='ltr'><strong>et</strong></span> <span class='ocrx_word' id='word_1_129' title='bbox 316 2435 421 2506; x_wconf 89' lang='lat' dir='ltr'><strong>divina</strong></span> <span class='ocrx_word' id='word_1_130' title='bbox 440 2432 648 2534; x_wconf 80' lang='lat' dir='ltr'><strong>perfectione.</strong></span> <span class='ocrx_word' id='word_1_131' title='bbox 668 2432 737 2504; x_wconf 92' lang='lat' dir='ltr'><strong>Non</strong></span> <span class='ocrx_word' id='word_1_132' title='bbox 756 2445 831 2504; x_wconf 88' lang='lat' dir='ltr'><strong>sunt</strong></span> <span class='ocrx_word' id='word_1_133' title='bbox 847 2431 920 2503; x_wconf 81' lang='lat' dir='ltr'><strong>duae</strong></span> <span class='ocrx_word' id='word_1_134' title='bbox 938 2457 1098 2530; x_wconf 78' lang='lat' dir='ltr'><strong>persone,</strong></span> <span class='ocrx_word' id='word_1_135' title='bbox 1118 2457 1251 2530; x_wconf 75' lang='lat' dir='ltr'><strong>cneque</strong></span> <span class='ocrx_word' id='word_1_136' title='bbox 1269 2429 1342 2502; x_wconf 86' lang='lat' dir='ltr'><strong>duae</strong></span> <span class='ocrx_word' id='word_1_137' title='bbox 1361 2435 1546 2514; x_wconf 56' lang='lat' dir='ltr'><strong>naturae„</strong></span> <span class='ocrx_word' id='word_1_138' title='bbox 1563 2457 1621 2502; x_wconf 89' lang='lat' dir='ltr'><strong>nec</strong></span> <span class='ocrx_word' id='word_1_139' title='bbox 1641 2430 1728 2502; x_wconf 88' lang='lat' dir='ltr'><strong>enim</strong></span> <span class='ocrx_word' id='word_1_140' title='bbox 1750 2458 1838 2531; x_wconf 86' lang='lat' dir='ltr'><strong>qua-</strong></span> 
     </span>
     <span class='ocr_line' id='line_1_15' title="bbox 266 2551 1839 2652; baseline -0.003 -24"><span class='ocrx_word' id='word_1_141' title='bbox 266 2569 340 2629; x_wconf 88' lang='lat' dir='ltr'><strong>tuor</strong></span> <span class='ocrx_word' id='word_1_142' title='bbox 357 2554 485 2628; x_wconf 90' lang='lat' dir='ltr'><strong>adorari</strong></span> <span class='ocrx_word' id='word_1_143' title='bbox 500 2554 653 2639; x_wconf 87' lang='lat' dir='ltr'><strong>dicimus,</strong></span> <span class='ocrx_word' id='word_1_144' title='bbox 665 2553 771 2627; x_wconf 89' lang='lat' dir='ltr'><strong>Deum</strong></span> <span class='ocrx_word' id='word_1_145' title='bbox 788 2565 820 2624; x_wconf 95' lang='lat' dir='ltr'><strong>et</strong></span> <span class='ocrx_word' id='word_1_146' title='bbox 836 2552 955 2624; x_wconf 87' lang='lat' dir='ltr'><strong>Filium</strong></span> <span class='ocrx_word' id='word_1_147' title='bbox 975 2552 1050 2634; x_wconf 89' lang='lat' dir='ltr'><strong>Dei,</strong></span> <span class='ocrx_word' id='word_1_148' title='bbox 1071 2565 1103 2622; x_wconf 90' lang='lat' dir='ltr'><strong>et</strong></span> <span class='ocrx_word' id='word_1_149' title='bbox 1118 2551 1319 2635; x_wconf 84' lang='lat' dir='ltr'><strong>hominem⁷,</strong></span> <span class='ocrx_word' id='word_1_150' title='bbox 1338 2565 1369 2624; x_wconf 91' lang='lat' dir='ltr'><strong>ct</strong></span> <span class='ocrx_word' id='word_1_151' title='bbox 1384 2552 1542 2652; x_wconf 90' lang='lat' dir='ltr'><strong>Spiritum</strong></span> <span class='ocrx_word' id='word_1_152' title='bbox 1556 2551 1721 2624; x_wconf 90' lang='lat' dir='ltr'><strong>Sanctum.</strong></span> <span class='ocrx_word' id='word_1_153' title='bbox 1738 2551 1839 2624; x_wconf 84' lang='lat' dir='ltr'><strong>ldeo⁸</strong></span> 
     </span>
     <span class='ocr_line' id='line_1_16' title="bbox 266 2671 1838 2775; baseline -0.003 -27"><span class='ocrx_word' id='word_1_154' title='bbox 266 2677 471 2748; x_wconf 87' lang='lat' dir='ltr'><strong>anathemate</strong></span> <span class='ocrx_word' id='word_1_155' title='bbox 489 2675 681 2747; x_wconf 91' lang='lat' dir='ltr'><strong>damnamus</strong></span> <span class='ocrx_word' id='word_1_156' title='bbox 699 2701 754 2746; x_wconf 87' lang='lat' dir='ltr'><strong>eos</strong></span> <span class='ocrx_word' id='word_1_157' title='bbox 772 2674 891 2775; x_wconf 86' lang='lat' dir='ltr'><strong>quiite</strong></span> <span class='ocrx_word' id='word_1_158' title='bbox 912 2671 1011 2774; x_wconf 88' lang='lat' dir='ltr'><strong>impie</strong></span> <span class='ocrx_word' id='word_1_159' title='bbox 1029 2671 1189 2758; x_wconf 87' lang='lat' dir='ltr'><strong>sentiunt,</strong></span> <span class='ocrx_word' id='word_1_160' title='bbox 1209 2699 1264 2744; x_wconf 87' lang='lat' dir='ltr'><strong>eos</strong></span> <span class='ocrx_word' id='word_1_161' title='bbox 1281 2672 1338 2773; x_wconf 92' lang='lat' dir='ltr'><strong>qui</strong></span> <span class='ocrx_word' id='word_1_162' title='bbox 1357 2673 1522 2746; x_wconf 88' lang='lat' dir='ltr'><strong>hominem</strong></span> <span class='ocrx_word' id='word_1_163' title='bbox 1539 2673 1574 2745; x_wconf 91' lang='lat' dir='ltr'><strong>in</strong></span> <span class='ocrx_word' id='word_1_164' title='bbox 1592 2671 1701 2746; x_wconf 85' lang='lat' dir='ltr'><strong>divina</strong></span> <span class='ocrx_word' id='word_1_165' title='bbox 1717 2671 1838 2744; x_wconf 89' lang='lat' dir='ltr'><strong>lauda-</strong></span> 
     </span>
     <span class='ocr_line' id='line_1_17' title="bbox 264 2793 1835 2896; baseline -0.002 -27"><span class='ocrx_word' id='word_1_166' title='bbox 264 2797 352 2870; x_wconf 90' lang='lat' dir='ltr'><strong>tione</strong></span> <span class='ocrx_word' id='word_1_167' title='bbox 366 2799 526 2896; x_wconf 80' lang='lat' dir='ltr'><strong>ponunt⁹.</strong></span> <span class='ocrx_word' id='word_1_168' title='bbox 543 2797 607 2868; x_wconf 89' lang='lat' dir='ltr'><strong>Nos</strong></span> <span class='ocrx_word' id='word_1_169' title='bbox 617 2798 643 2841; x_wconf 87' lang='lat'><strong>¹⁰</strong></span> <span class='ocrx_word' id='word_1_170' title='bbox 656 2809 765 2868; x_wconf 90' lang='lat' dir='ltr'><strong>autem</strong></span> <span class='ocrx_word' id='word_1_171' title='bbox 781 2795 918 2866; x_wconf 89' lang='lat' dir='ltr'><strong>dicimus</strong></span> <span class='ocrx_word' id='word_1_172' title='bbox 927 2794 1069 2866; x_wconf 84' lang='lat' dir='ltr'><strong>Verbum</strong></span> <span class='ocrx_word' id='word_1_173' title='bbox 1083 2793 1144 2866; x_wconf 90' lang='lat' dir='ltr'><strong>Dei</strong></span> <span class='ocrx_word' id='word_1_174' title='bbox 1157 2793 1275 2867; x_wconf 86' lang='lat' dir='ltr'><strong>lactum</strong></span> <span class='ocrx_word' id='word_1_175' title='bbox 1291 2821 1360 2868; x_wconf 87' lang='lat' dir='ltr'><strong>esse</strong></span> <span class='ocrx_word' id='word_1_176' title='bbox 1370 2793 1536 2867; x_wconf 87' lang='lat' dir='ltr'><strong>hominem</strong></span> <span class='ocrx_word' id='word_1_177' title='bbox 1547 2806 1680 2893; x_wconf 85' lang='lat' dir='ltr'><strong>propter</strong></span> <span class='ocrx_word' id='word_1_178' title='bbox 1692 2806 1835 2866; x_wconf 87' lang='lat' dir='ltr'><strong>nostram</strong></span> 
     </span>
     <span class='ocr_line' id='line_1_18' title="bbox 265 2912 1835 3016; baseline -0.003 -26"><span class='ocrx_word' id='word_1_179' title='bbox 265 2919 427 3003; x_wconf 72' lang='lat' dir='ltr'><strong>salutem,</strong></span> <span class='ocrx_word' id='word_1_180' title='bbox 444 2929 481 2990; x_wconf 90' lang='lat' dir='ltr'><strong>ut</strong></span> <span class='ocrx_word' id='word_1_181' title='bbox 509 2914 755 2988; x_wconf 89' lang='lat' dir='ltr'><strong>similitudinem</strong></span> <span class='ocrx_word' id='word_1_182' title='bbox 787 2915 922 2988; x_wconf 87' lang='lat' dir='ltr'><strong>coelestis</strong></span> <span class='ocrx_word' id='word_1_183' title='bbox 953 2915 1117 3016; x_wconf 85' lang='lat' dir='ltr'><strong>capiamus</strong></span> <span class='ocrx_word' id='word_1_184' title='bbox 1143 2929 1174 2988; x_wconf 90' lang='lat' dir='ltr'><strong>et</strong></span> <span class='ocrx_word' id='word_1_185' title='bbox 1198 2914 1387 2987; x_wconf 88' lang='lat' dir='ltr'><strong>deificemur</strong></span> <span class='ocrx_word' id='word_1_186' title='bbox 1414 2915 1456 2987; x_wconf 91' lang='lat' dir='ltr'><strong>ad</strong></span> <span class='ocrx_word' id='word_1_187' title='bbox 1479 2912 1727 2987; x_wconf 91' lang='lat' dir='ltr'><strong>similitudinem</strong></span> <span class='ocrx_word' id='word_1_188' title='bbox 1750 2916 1835 2998; x_wconf 84' lang='lat' dir='ltr'><strong>veri,</strong></span> 
     </span>
     <span class='ocr_line' id='line_1_19' title="bbox 265 3035 1834 3121; baseline -0.004 -7"><span class='ocrx_word' id='word_1_189' title='bbox 265 3040 443 3114; x_wconf 89' lang='lat' dir='ltr'><strong>secundum</strong></span> <span class='ocrx_word' id='word_1_190' title='bbox 468 3051 635 3121; x_wconf 88' lang='lat' dir='ltr'><strong>naturam,</strong></span> <span class='ocrx_word' id='word_1_191' title='bbox 652 3036 724 3108; x_wconf 84' lang='lat' dir='ltr'><strong>Filii</strong></span> <span class='ocrx_word' id='word_1_192' title='bbox 747 3036 823 3121; x_wconf 88' lang='lat' dir='ltr'><strong>Dei,</strong></span> <span class='ocrx_word' id='word_1_193' title='bbox 844 3035 1021 3108; x_wconf 90' lang='lat' dir='ltr'><strong>secundum</strong></span> <span class='ocrx_word' id='word_1_194' title='bbox 1044 3063 1118 3109; x_wconf 86' lang='lat' dir='ltr'><strong>vero</strong></span> <span class='ocrx_word' id='word_1_195' title='bbox 1141 3063 1287 3121; x_wconf 90' lang='lat' dir='ltr'><strong>carnem,</strong></span> <span class='ocrx_word' id='word_1_196' title='bbox 1305 3035 1378 3108; x_wconf 86' lang='lat' dir='ltr'><strong>Filii</strong></span> <span class='ocrx_word' id='word_1_197' title='bbox 1400 3035 1559 3119; x_wconf 90' lang='lat' dir='ltr'><strong>hominis,</strong></span> <span class='ocrx_word' id='word_1_198' title='bbox 1577 3035 1709 3108; x_wconf 88' lang='lat' dir='ltr'><strong>Domini</strong></span> <span class='ocrx_word' id='word_1_199' title='bbox 1732 3037 1834 3108; x_wconf 87' lang='lat' dir='ltr'><strong>nostri</strong></span> 
     </span>
    </p>
   </div>
   <div class='ocr_carea' id='block_1_6' title="bbox 264 3159 484 3235">
    <p class='ocr_par' dir='ltr' id='par_1_6' title="bbox 264 3159 484 3235">
     <span class='ocr_line' id='line_1_20' title="bbox 264 3159 484 3235; baseline -0.014 0"><span class='ocrx_word' id='word_1_200' title='bbox 264 3162 339 3234; x_wconf 81' lang='lat' dir='ltr'><strong>lesu</strong></span> <span class='ocrx_word' id='word_1_201' title='bbox 356 3159 484 3235; x_wconf 85' lang='lat' dir='ltr'><strong>Christi.</strong></span> 
     </span>
    </p>
   </div>
   <div class='ocr_carea' id='block_1_7' title="bbox 264 3332 1835 3680">
    <p class='ocr_par' dir='ltr' id='par_1_7' title="bbox 264 3332 1835 3680">
     <span class='ocr_line' id='line_1_21' title="bbox 318 3332 1835 3438; baseline -0.004 -28"><span class='ocrx_word' id='word_1_202' title='bbox 318 3337 352 3410; x_wconf 73' lang='grc' dir='ltr'><strong>3ο</strong></span> <span class='ocrx_word' id='word_1_203' title='bbox 368 3333 466 3438; x_wconf 83' lang='grc' dir='ltr'>(ιιιι)</span> <span class='ocrx_word' id='word_1_204' title='bbox 495 3334 615 3408; x_wconf 90' lang='lat' dir='ltr'><strong>ldcirco</strong></span> <span class='ocrx_word' id='word_1_205' title='bbox 636 3361 721 3406; x_wconf 90' lang='lat' dir='ltr'><strong>unus</strong></span> <span class='ocrx_word' id='word_1_206' title='bbox 743 3334 830 3404; x_wconf 89' lang='lat' dir='ltr'><strong>Deus</strong></span> <span class='ocrx_word' id='word_1_207' title='bbox 847 3347 957 3405; x_wconf 89' lang='lat' dir='ltr'><strong>sancta</strong></span> <span class='ocrx_word' id='word_1_208' title='bbox 972 3332 1111 3406; x_wconf 81' lang='lat' dir='ltr'><strong>Trinitas</strong></span> <span class='ocrx_word' id='word_1_209' title='bbox 1130 3333 1273 3406; x_wconf 88' lang='lat' dir='ltr'><strong>creditur</strong></span> <span class='ocrx_word' id='word_1_210' title='bbox 1290 3347 1322 3406; x_wconf 88' lang='lat' dir='ltr'><strong>et</strong></span> <span class='ocrx_word' id='word_1_211' title='bbox 1340 3334 1503 3416; x_wconf 86' lang='lat' dir='ltr'><strong>adoratur,</strong></span> <span class='ocrx_word' id='word_1_212' title='bbox 1516 3335 1605 3432; x_wconf 84' lang='lat' dir='ltr'><strong>juxta</strong></span> <span class='ocrx_word' id='word_1_213' title='bbox 1630 3332 1698 3405; x_wconf 83' lang='lat' dir='ltr'><strong>lraec</strong></span> <span class='ocrx_word' id='word_1_214' title='bbox 1719 3332 1835 3405; x_wconf 69' lang='lat' dir='ltr'><strong>divinae</strong></span> 
     </span>
     <span class='ocr_line' id='line_1_22' title="bbox 264 3453 1835 3558; baseline -0.003 -28"><span class='ocrx_word' id='word_1_215' title='bbox 264 3457 438 3558; x_wconf 74' lang='lat' dir='ltr'><strong>Scriptura</strong></span> <span class='ocrx_word' id='word_1_216' title='bbox 458 3455 654 3540; x_wconf 87' lang='lat' dir='ltr'><strong>testimonia;</strong></span> <span class='ocrx_word' id='word_1_217' title='bbox 669 3454 844 3555; x_wconf 67' lang='lat' dir='ltr'><strong>praesertim</strong></span> <span class='ocrx_word' id='word_1_218' title='bbox 860 3455 936 3554; x_wconf 91' lang='lat' dir='ltr'><strong>quia</strong></span> <span class='ocrx_word' id='word_1_219' title='bbox 953 3453 1076 3554; x_wconf 91' lang='lat' dir='ltr'><strong>ubique</strong></span> <span class='ocrx_word' id='word_1_220' title='bbox 1092 3454 1126 3526; x_wconf 89' lang='lat' dir='ltr'><strong>in</strong></span> <span class='ocrx_word' id='word_1_221' title='bbox 1142 3453 1257 3527; x_wconf 88' lang='lat' dir='ltr'><strong>divinis</strong></span> <span class='ocrx_word' id='word_1_222' title='bbox 1268 3453 1442 3554; x_wconf 89' lang='lat' dir='ltr'><strong>Scripturis</strong></span> <span class='ocrx_word' id='word_1_223' title='bbox 1455 3455 1628 3527; x_wconf 88' lang='lat' dir='ltr'><strong>innumera</strong></span> <span class='ocrx_word' id='word_1_224' title='bbox 1640 3454 1835 3527; x_wconf 87' lang='lat' dir='ltr'><strong>documenta</strong></span> 
     </span>
     <span class='ocr_line' id='line_1_23' title="bbox 265 3572 1693 3680; baseline -0.001 -30"><span class='ocrx_word' id='word_1_225' title='bbox 265 3579 358 3652; x_wconf 90' lang='lat' dir='ltr'><strong>nobis</strong></span> <span class='ocrx_word' id='word_1_226' title='bbox 377 3591 492 3680; x_wconf 74' lang='lat' dir='ltr'><strong>presto</strong></span> <span class='ocrx_word' id='word_1_227' title='bbox 509 3590 602 3662; x_wconf 91' lang='lat' dir='ltr'><strong>sunt,</strong></span> <span class='ocrx_word' id='word_1_228' title='bbox 622 3602 695 3677; x_wconf 76' lang='lat' dir='ltr'><strong>quaa</strong></span> <span class='ocrx_word' id='word_1_229' title='bbox 710 3575 918 3676; x_wconf 90' lang='lat' dir='ltr'><strong>apostolicam</strong></span> <span class='ocrx_word' id='word_1_230' title='bbox 934 3589 966 3648; x_wconf 90' lang='lat' dir='ltr'><strong>et</strong></span> <span class='ocrx_word' id='word_1_231' title='bbox 983 3574 1229 3648; x_wconf 87' lang='lat' dir='ltr'><strong>ecelesiasticam</strong></span> <span class='ocrx_word' id='word_1_232' title='bbox 1248 3576 1347 3648; x_wconf 85' lang='lat' dir='ltr'><strong>fidem</strong></span> <span class='ocrx_word' id='word_1_233' title='bbox 1365 3575 1587 3675; x_wconf 89' lang='lat' dir='ltr'><strong>comprobant.</strong></span> <span class='ocrx_word' id='word_1_234' title='bbox 1604 3572 1693 3678; x_wconf 80' lang='lat'>(95)</span> 
     </span>
    </p>
   </div>
   <div class='ocr_carea' id='block_1_8' title="bbox 263 3804 1837 4520">
    <p class='ocr_par' dir='ltr' id='par_1_8' title="bbox 263 3804 1837 4520">
     <span class='ocr_line' id='line_1_24' title="bbox 303 3804 1837 3881; baseline -0.003 -15"><span class='ocrx_word' id='word_1_235' title='bbox 303 3813 310 3844; x_wconf 93' lang='lat'><strong>¹</strong></span> <span class='ocrx_word' id='word_1_236' title='bbox 331 3811 373 3866; x_wconf 88' lang='lat' dir='ltr'><strong>Gr.</strong></span> <span class='ocrx_word' id='word_1_237' title='bbox 387 3809 465 3864; x_wconf 85' lang='lat' dir='ltr'><strong>omitt</strong></span> <span class='ocrx_word' id='word_1_238' title='bbox 479 3821 502 3862; x_wconf 87' lang='lat' dir='ltr'><strong>at</strong></span> <span class='ocrx_word' id='word_1_239' title='bbox 519 3807 644 3862; x_wconf 74' lang='lat' dir='ltr'><strong>admetus.</strong></span> <span class='ocrx_word' id='word_1_240' title='bbox 657 3811 714 3848; x_wconf 69' lang='lat'><strong>—2</strong></span> <span class='ocrx_word' id='word_1_241' title='bbox 729 3805 789 3861; x_wconf 85' lang='lat' dir='ltr'><strong>cod.</strong></span> <span class='ocrx_word' id='word_1_242' title='bbox 803 3807 905 3870; x_wconf 82' lang='lat' dir='ltr'><strong>rar55,</strong></span> <span class='ocrx_word' id='word_1_243' title='bbox 924 3807 1012 3862; x_wconf 67' lang='lat' dir='ltr'><strong>iton</strong></span> <span class='ocrx_word' id='word_1_244' title='bbox 1091 3813 1211 3881; x_wconf 78' lang='lat' dir='ltr'><strong>epropter</strong></span> <span class='ocrx_word' id='word_1_245' title='bbox 1224 3804 1329 3862; x_wconf 73' lang='lat' dir='ltr'><strong>satutem</strong></span> <span class='ocrx_word' id='word_1_246' title='bbox 1348 3813 1467 3870; x_wconf 90' lang='lat' dir='ltr'><strong>nostram,</strong></span> <span class='ocrx_word' id='word_1_247' title='bbox 1483 3814 1511 3860; x_wconf 92' lang='lat' dir='ltr'><strong>ut</strong></span> <span class='ocrx_word' id='word_1_248' title='bbox 1525 3824 1583 3869; x_wconf 82' lang='lat' dir='ltr'><strong>nos,</strong></span> <span class='ocrx_word' id='word_1_249' title='bbox 1600 3806 1747 3881; x_wconf 77' lang='lat' dir='ltr'><strong>accipientes</strong></span> <span class='ocrx_word' id='word_1_250' title='bbox 1764 3807 1837 3862; x_wconf 78' lang='lat' dir='ltr'><strong>cimi-</strong></span> 
     </span>
     <span class='ocr_line' id='line_1_25' title="bbox 264 3897 1837 3975; baseline -0.003 -17"><span class='ocrx_word' id='word_1_251' title='bbox 264 3903 321 3958; x_wconf 90' lang='lat' dir='ltr'><strong>add.</strong></span> <span class='ocrx_word' id='word_1_252' title='bbox 341 3903 429 3956; x_wconf 63' lang='lat' dir='ltr'><strong>dacica.</strong></span> <span class='ocrx_word' id='word_1_253' title='bbox 450 3904 513 3943; x_wconf 83' lang='lat'><strong>-³</strong></span> <span class='ocrx_word' id='word_1_254' title='bbox 533 3901 577 3956; x_wconf 86' lang='lat' dir='ltr'><strong>Gr.</strong></span> <span class='ocrx_word' id='word_1_255' title='bbox 594 3898 759 3954; x_wconf 62' lang='lat' dir='ltr'><strong>arcanam.</strong></span> <span class='ocrx_word' id='word_1_256' title='bbox 777 3899 840 3942; x_wconf 78' lang='lat'><strong>—⁴</strong></span> <span class='ocrx_word' id='word_1_257' title='bbox 859 3898 922 3955; x_wconf 81' lang='lat' dir='ltr'><strong>Vide</strong></span> <span class='ocrx_word' id='word_1_258' title='bbox 938 3918 1013 3975; x_wconf 81' lang='lat' dir='ltr'><strong>supra</strong></span> <span class='ocrx_word' id='word_1_259' title='bbox 1088 3899 1237 3954; x_wconf 78' lang='lat' dir='ltr'><strong>alitudinem</strong></span> <span class='ocrx_word' id='word_1_260' title='bbox 1259 3899 1374 3964; x_wconf 77' lang='lat' dir='ltr'><strong>scelestis,</strong></span> <span class='ocrx_word' id='word_1_261' title='bbox 1392 3899 1480 3954; x_wconf 84' lang='lat' dir='ltr'><strong>tiamm</strong></span> <span class='ocrx_word' id='word_1_262' title='bbox 1494 3897 1598 3953; x_wconf 73' lang='lat' dir='ltr'><strong>divinia</strong></span> <span class='ocrx_word' id='word_1_263' title='bbox 1621 3899 1641 3954; x_wconf 88' lang='lat' dir='ltr'><strong>F</strong></span> <span class='ocrx_word' id='word_1_264' title='bbox 1656 3899 1689 3953; x_wconf 91' lang='lat' dir='ltr'><strong>ita</strong></span> <span class='ocrx_word' id='word_1_265' title='bbox 1711 3899 1778 3954; x_wconf 89' lang='lat' dir='ltr'><strong>hunc</strong></span> <span class='ocrx_word' id='word_1_266' title='bbox 1796 3900 1837 3955; x_wconf 93' lang='lat' dir='ltr'><strong>lo-</strong></span> 
     </span>
     <span class='ocr_line' id='line_1_26' title="bbox 265 3991 1836 4068; baseline -0.003 -16"><span class='ocrx_word' id='word_1_267' title='bbox 265 4003 292 4052; x_wconf 79' lang='lat' dir='ltr'><strong>n·</strong></span> <span class='ocrx_word' id='word_1_268' title='bbox 306 3997 342 4058; x_wconf 86' lang='lat' dir='ltr'><strong>ll,</strong></span> <span class='ocrx_word' id='word_1_269' title='bbox 354 4013 438 4050; x_wconf 80' lang='lat' dir='ltr'><strong>varrus</strong></span> <span class='ocrx_word' id='word_1_270' title='bbox 450 3992 535 4050; x_wconf 85' lang='lat' dir='ltr'><strong>finam.</strong></span> <span class='ocrx_word' id='word_1_271' title='bbox 546 3997 600 4036; x_wconf 81' lang='lat'><strong>-⁸</strong></span> <span class='ocrx_word' id='word_1_272' title='bbox 617 3993 637 4048; x_wconf 85' lang='lat' dir='ltr'><strong>ll</strong></span> <span class='ocrx_word' id='word_1_273' title='bbox 653 3991 734 4048; x_wconf 73' lang='lat' dir='ltr'><strong>Etiam</strong></span> <span class='ocrx_word' id='word_1_274' title='bbox 744 4003 786 4047; x_wconf 84' lang='lat' dir='ltr'><strong>ast.</strong></span> <span class='ocrx_word' id='word_1_275' title='bbox 799 3993 831 4058; x_wconf 86' lang='lat' dir='ltr'><strong>G,</strong></span> <span class='ocrx_word' id='word_1_276' title='bbox 843 3993 879 4058; x_wconf 85' lang='grc' dir='ltr'><strong>Ι),</strong></span> <span class='ocrx_word' id='word_1_277' title='bbox 892 3994 912 4048; x_wconf 82' lang='grc' dir='ltr'>Ε</span> <span class='ocrx_word' id='word_1_278' title='bbox 920 3995 1013 4068; x_wconf 74' lang='lat' dir='ltr'><strong>parfec-</strong></span> <span class='ocrx_word' id='word_1_279' title='bbox 1086 4011 1145 4048; x_wconf 90' lang='lat' dir='ltr'><strong>cum</strong></span> <span class='ocrx_word' id='word_1_280' title='bbox 1163 3992 1279 4048; x_wconf 82' lang='lat' dir='ltr'><strong>exhibet:</strong></span> <span class='ocrx_word' id='word_1_281' title='bbox 1297 3993 1367 4048; x_wconf 66' lang='lat' dir='ltr'><strong>«Nos</strong></span> <span class='ocrx_word' id='word_1_282' title='bbox 1381 3993 1449 4048; x_wconf 86' lang='lat' dir='ltr'><strong>anim</strong></span> <span class='ocrx_word' id='word_1_283' title='bbox 1466 3993 1571 4047; x_wconf 82' lang='lat' dir='ltr'><strong>dicimus</strong></span> <span class='ocrx_word' id='word_1_284' title='bbox 1584 3991 1713 4047; x_wconf 86' lang='lat' dir='ltr'><strong>hominem</strong></span> <span class='ocrx_word' id='word_1_285' title='bbox 1731 3993 1836 4048; x_wconf 81' lang='lat' dir='ltr'><strong>evasisse</strong></span> 
     </span>
     <span class='ocr_line' id='line_1_27' title="bbox 265 4083 1837 4162; baseline -0.001 -20"><span class='ocrx_word' id='word_1_286' title='bbox 265 4101 303 4142; x_wconf 81' lang='lat' dir='ltr'><strong>toa</strong></span> <span class='ocrx_word' id='word_1_287' title='bbox 312 4089 455 4162; x_wconf 74' lang='lat' dir='ltr'><strong>perfectione</strong></span> <span class='ocrx_word' id='word_1_288' title='bbox 465 4106 522 4141; x_wconf 83' lang='lat' dir='ltr'><strong>asro</strong></span> <span class='ocrx_word' id='word_1_289' title='bbox 533 4099 555 4141; x_wconf 86' lang='lat' dir='ltr'><strong>at</strong></span> <span class='ocrx_word' id='word_1_290' title='bbox 567 4086 655 4142; x_wconf 79' lang='lat' dir='ltr'><strong>divino.</strong></span> <span class='ocrx_word' id='word_1_291' title='bbox 670 4086 691 4141; x_wconf 88' lang='lat' dir='ltr'>B</span> <span class='ocrx_word' id='word_1_292' title='bbox 702 4085 844 4158; x_wconf 64' lang='lat' dir='ltr'><strong>perstatim</strong></span> <span class='ocrx_word' id='word_1_293' title='bbox 849 4088 964 4161; x_wconf 73' lang='lat' dir='ltr'><strong>perfecto.</strong></span> <span class='ocrx_word' id='word_1_294' title='bbox 974 4118 1013 4127; x_wconf 95' lang='lat'>—</span> <span class='ocrx_word' id='word_1_295' title='bbox 1086 4083 1216 4140; x_wconf 69' lang='lat' dir='ltr'><strong>«vebum</strong></span> <span class='ocrx_word' id='word_1_296' title='bbox 1235 4085 1295 4150; x_wconf 85' lang='lat' dir='ltr'><strong>Dei,</strong></span> <span class='ocrx_word' id='word_1_297' title='bbox 1311 4084 1345 4140; x_wconf 90' lang='lat' dir='ltr'><strong>nd</strong></span> <span class='ocrx_word' id='word_1_298' title='bbox 1365 4085 1469 4140; x_wconf 82' lang='lat' dir='ltr'><strong>salutum</strong></span> <span class='ocrx_word' id='word_1_299' title='bbox 1489 4091 1612 4150; x_wconf 63' lang='lat' dir='ltr'><strong>naseam,</strong></span> <span class='ocrx_word' id='word_1_300' title='bbox 1631 4091 1672 4149; x_wconf 88' lang='lat' dir='ltr'><strong>ut,</strong></span> <span class='ocrx_word' id='word_1_301' title='bbox 1691 4084 1837 4140; x_wconf 88' lang='lat' dir='ltr'><strong>similitudi-</strong></span> 
     </span>
     <span class='ocr_line' id='line_1_28' title="bbox 264 4177 1836 4257; baseline -0.003 -21"><span class='ocrx_word' id='word_1_302' title='bbox 264 4187 274 4216; x_wconf 76' lang='lat'><strong>·</strong></span> <span class='ocrx_word' id='word_1_303' title='bbox 293 4181 353 4237; x_wconf 87' lang='lat' dir='ltr'><strong>llide</strong></span> <span class='ocrx_word' id='word_1_304' title='bbox 364 4200 438 4257; x_wconf 85' lang='lat' dir='ltr'><strong>supra</strong></span> <span class='ocrx_word' id='word_1_305' title='bbox 451 4177 636 4235; x_wconf 74' lang='lat' dir='ltr'><strong>annotationem</strong></span> <span class='ocrx_word' id='word_1_306' title='bbox 648 4180 674 4234; x_wconf 93' lang='lat' dir='ltr'><strong>in</strong></span> <span class='ocrx_word' id='word_1_307' title='bbox 691 4179 758 4234; x_wconf 90' lang='lat' dir='ltr'><strong>hunc</strong></span> <span class='ocrx_word' id='word_1_308' title='bbox 770 4179 865 4246; x_wconf 88' lang='lat' dir='ltr'><strong>lecum,</strong></span> <span class='ocrx_word' id='word_1_309' title='bbox 879 4185 905 4235; x_wconf 83' lang='lat' dir='ltr'><strong>n⁰</strong></span> <span class='ocrx_word' id='word_1_310' title='bbox 914 4179 1012 4234; x_wconf 78' lang='lat' dir='ltr'><strong>XV.-</strong></span> <span class='ocrx_word' id='word_1_311' title='bbox 1087 4198 1164 4233; x_wconf 79' lang='lat' dir='ltr'><strong>cnam</strong></span> <span class='ocrx_word' id='word_1_312' title='bbox 1179 4179 1280 4233; x_wconf 86' lang='lat' dir='ltr'><strong>coeleatis</strong></span> <span class='ocrx_word' id='word_1_313' title='bbox 1298 4179 1455 4252; x_wconf 85' lang='lat' dir='ltr'><strong>accipientes,</strong></span> <span class='ocrx_word' id='word_1_314' title='bbox 1475 4177 1552 4232; x_wconf 83' lang='lat' dir='ltr'><strong>divini</strong></span> <span class='ocrx_word' id='word_1_315' title='bbox 1566 4177 1727 4232; x_wconf 78' lang='lat' dir='ltr'><strong>evaderemus</strong></span> <span class='ocrx_word' id='word_1_316' title='bbox 1747 4177 1779 4231; x_wconf 86' lang='lat' dir='ltr'><strong>ad</strong></span> <span class='ocrx_word' id='word_1_317' title='bbox 1799 4179 1836 4232; x_wconf 82' lang='lat' dir='ltr'><strong>si-</strong></span> 
     </span>
     <span class='ocr_line' id='line_1_29' title="bbox 263 4271 1836 4347; baseline -0.003 -16"><span class='ocrx_word' id='word_1_318' title='bbox 263 4277 273 4310; x_wconf 91' lang='lat'>⁷</span> <span class='ocrx_word' id='word_1_319' title='bbox 292 4275 326 4339; x_wconf 89' lang='lat' dir='ltr'><strong>B,</strong></span> <span class='ocrx_word' id='word_1_320' title='bbox 342 4275 361 4330; x_wconf 89' lang='lat' dir='ltr'>C</span> <span class='ocrx_word' id='word_1_321' title='bbox 380 4287 403 4330; x_wconf 83' lang='lat' dir='ltr'><strong>at</strong></span> <span class='ocrx_word' id='word_1_322' title='bbox 421 4273 511 4328; x_wconf 76' lang='lat' dir='ltr'><strong>Filiam</strong></span> <span class='ocrx_word' id='word_1_323' title='bbox 529 4273 582 4328; x_wconf 85' lang='lat' dir='ltr'><strong>loco</strong></span> <span class='ocrx_word' id='word_1_324' title='bbox 600 4273 723 4328; x_wconf 71' lang='lat' dir='ltr'><strong>tramittem.</strong></span> <span class='ocrx_word' id='word_1_325' title='bbox 740 4274 802 4313; x_wconf 86' lang='lat'><strong>-—⁸</strong></span> <span class='ocrx_word' id='word_1_326' title='bbox 821 4273 840 4327; x_wconf 86' lang='lat' dir='ltr'>B</span> <span class='ocrx_word' id='word_1_327' title='bbox 858 4285 1010 4347; x_wconf 78' lang='lat' dir='ltr'><strong>quapropter.</strong></span> <span class='ocrx_word' id='word_1_328' title='bbox 1089 4271 1273 4327; x_wconf 67' lang='lat' dir='ltr'><strong>«militudinem</strong></span> <span class='ocrx_word' id='word_1_329' title='bbox 1298 4271 1364 4326; x_wconf 86' lang='lat' dir='ltr'><strong>illius</strong></span> <span class='ocrx_word' id='word_1_330' title='bbox 1384 4271 1427 4345; x_wconf 89' lang='lat' dir='ltr'><strong>qui</strong></span> <span class='ocrx_word' id='word_1_331' title='bbox 1449 4271 1595 4326; x_wconf 78' lang='lat' dir='ltr'><strong>naturaliter</strong></span> <span class='ocrx_word' id='word_1_332' title='bbox 1608 4289 1680 4326; x_wconf 79' lang='lat' dir='ltr'><strong>renis</strong></span> <span class='ocrx_word' id='word_1_333' title='bbox 1699 4278 1736 4325; x_wconf 86' lang='lat' dir='ltr'><strong>est</strong></span> <span class='ocrx_word' id='word_1_334' title='bbox 1755 4271 1836 4326; x_wconf 88' lang='lat' dir='ltr'><strong>Filius</strong></span> 
     </span>
     <span class='ocr_line' id='line_1_30' title="bbox 264 4363 1835 4444; baseline -0.003 -20"><span class='ocrx_word' id='word_1_335' title='bbox 264 4373 325 4412; x_wconf 66' lang='lat'><strong>-0</strong></span> <span class='ocrx_word' id='word_1_336' title='bbox 343 4369 447 4444; x_wconf 83' lang='lat' dir='ltr'><strong>Reliqua</strong></span> <span class='ocrx_word' id='word_1_337' title='bbox 463 4368 543 4423; x_wconf 86' lang='lat' dir='ltr'><strong>omitt.</strong></span> <span class='ocrx_word' id='word_1_338' title='bbox 564 4367 596 4432; x_wconf 89' lang='lat' dir='ltr'><strong>B,</strong></span> <span class='ocrx_word' id='word_1_339' title='bbox 618 4367 650 4429; x_wconf 81' lang='lat' dir='ltr'><strong>C,</strong></span> <span class='ocrx_word' id='word_1_340' title='bbox 668 4368 699 4422; x_wconf 90' lang='lat' dir='ltr'><strong>D.</strong></span> <span class='ocrx_word' id='word_1_341' title='bbox 713 4398 751 4408; x_wconf 91' lang='lat'><strong>-·</strong></span> <span class='ocrx_word' id='word_1_342' title='bbox 768 4367 821 4422; x_wconf 80' lang='lat' dir='ltr'><strong>¹⁰E</strong></span> <span class='ocrx_word' id='word_1_343' title='bbox 841 4367 909 4422; x_wconf 78' lang='lat' dir='ltr'><strong>allos</strong></span> <span class='ocrx_word' id='word_1_344' title='bbox 927 4375 1011 4421; x_wconf 68' lang='lat' dir='ltr'><strong>auum</strong></span> <span class='ocrx_word' id='word_1_345' title='bbox 1087 4363 1835 4430; x_wconf 77' lang='lat' dir='ltr'><strong>eDai,cameautemhomo,DomiauanosterlesusChris-</strong></span> 
     </span>
     <span class='ocr_line' id='line_1_31' title="bbox 265 4459 1170 4520; baseline -0.004 -4"><span class='ocrx_word' id='word_1_346' title='bbox 265 4461 430 4520; x_wconf 65' lang='lat' dir='ltr'><strong>«confitemur</strong></span> <span class='ocrx_word' id='word_1_347' title='bbox 452 4461 533 4517; x_wconf 85' lang='lat' dir='ltr'><strong>Deum</strong></span> <span class='ocrx_word' id='word_1_348' title='bbox 553 4460 660 4516; x_wconf 81' lang='lat' dir='ltr'><strong>Verbum</strong></span> <span class='ocrx_word' id='word_1_349' title='bbox 680 4459 772 4516; x_wconf 82' lang='lat' dir='ltr'><strong>tactum</strong></span> <span class='ocrx_word' id='word_1_350' title='bbox 790 4459 863 4516; x_wconf 85' lang='lat' dir='ltr'><strong>luiasa</strong></span> <span class='ocrx_word' id='word_1_351' title='bbox 883 4459 1011 4515; x_wconf 84' lang='lat' dir='ltr'><strong>hominem</strong></span> <span class='ocrx_word' id='word_1_352' title='bbox 1086 4467 1170 4516; x_wconf 67' lang='lat' dir='ltr'><strong>stunc</strong></span> 
     </span>
    </p>
   </div>
   <div class='ocr_carea' id='block_1_9' title="bbox 0 0 2008 6098">
    <p class='ocr_par' dir='ltr' id='par_1_9' title="bbox 0 0 2008 6098">
     <span class='ocr_line' id='line_1_32' title="bbox 0 0 2008 6098; baseline 0 0"><span class='ocrx_word' id='word_1_353' title='bbox 0 0 2008 6098; x_wconf 95' lang='lat' dir='ltr'><strong> </strong></span> 
     </span>
    </p>
   </div>
  </div>
 </body>
</html>
