3982 6082
778 559 1130 630 vuottuottttttt.
1683 585 1743 630 svn

165 710 301 816 quando
328 736 394 787 nou
419 707 532 807 egerit.
559 708 669 794 Quare
693 710 813 784 mirum
838 711 938 784 vidori
965 737 1030 784 non
1056 709 1169 796 debet,
1195 710 1284 813 quod
1306 711 1341 786 S.
1366 709 1560 814 Hippolytus
1587 711 1683 786 toties
1703 711 1744 786 da

167 833 416 909 Resurrectioue
435 831 687 938 disputationem
705 830 891 906 instituerit.

220 957 260 1030 Et
271 955 340 1028 bec
355 951 491 1056 quidem
506 966 583 1027 sunt
595 953 721 1027 diversa
735 955 771 1026 S.
787 951 955 1055 Hippolyti
970 955 1151 1052 fragmenta
1166 983 1238 1058 que
1252 983 1289 1028 ex
1306 952 1436 1056 syriacis
1451 953 1617 1029 codicibus
1629 955 1744 1028 excita-

169 1103 286 1150 vvmus.

220 1198 266 1271 Ex
283 1223 418 1270 armena
435 1194 548 1294 lingua
563 1194 758 1296 proferimus
776 1195 841 1268 duo
854 1195 1036 1294 fragmenta
1053 1197 1276 1269 commentarii
1296 1209 1354 1270 aut
1364 1197 1506 1270 homiliae
1524 1197 1558 1269 S.
1576 1195 1745 1299 Hippolyti

169 1321 205 1392 in
230 1331 328 1420 caput
352 1316 563 1390 undecimum
590 1315 624 1388 S.
649 1314 801 1400 loannis,
824 1315 883 1388 ubi
908 1315 1017 1414 agitur
1040 1317 1081 1390 dc
1108 1317 1342 1391 resurrectione
1365 1318 1485 1391 Lazari.
1511 1316 1588 1390 Haec
1611 1318 1745 1420 quidem

170 1453 318 1542 excerpta
341 1438 437 1512 nobis
460 1435 677 1538 suppeditavit
698 1437 797 1510 codex
821 1464 973 1510 armenus
995 1438 1180 1539 parisiensis
1201 1437 1329 1525 XLVII,
1348 1439 1407 1540 qni
1432 1466 1470 1512 ea
1495 1436 1588 1513 addit
1608 1439 1746 1512 versioni

171 1589 328 1645 armena,
351 1557 457 1661 qualis
479 1570 580 1632 exstat
601 1557 634 1630 in
660 1557 768 1630 codice
793 1558 856 1630 alio
876 1572 1050 1646 vcnctano,
1069 1559 1158 1632 unde
1182 1559 1238 1632 illa
1263 1560 1398 1634 bomilia
1424 1587 1556 1635 armene
1579 1558 1746 1662 latineque

169 1681 293 1785 prodiit
303 1681 338 1754 in
354 1695 441 1754 tomo
457 1678 599 1753 secundo
613 1677 730 1752 borum
745 1677 990 1764 Analectorum,
1001 1709 1035 1781 p.
1050 1679 1228 1754 est-oto.
1241 1681 1370 1766 Quanta
1381 1684 1422 1754 sit
1430 1682 1644 1783 discrepantia
1660 1681 1745 1755 inter

172 1817 348 1905 utrumque
367 1801 526 1886 codicem,
542 1814 735 1874 venetanum
754 1828 872 1897 nempe
889 1814 921 1873 et
938 1801 1165 1900 parisiensem,
1177 1803 1365 1876 monuimus
1379 1803 1471 1904 (pag.
1488 1803 1575 1902 331)
1591 1803 1625 1876 in
1644 1803 1745 1888 notis,

172 1938 271 2026 atque
281 1925 378 1997 etiam
393 1922 515 1997 ibidem
531 1921 768 1996 observavimus
783 1919 938 1995 brevioris
950 1921 1048 2020 hujus
1061 1922 1204 1995 homiliae
1219 1924 1396 1998 editionem
1411 1925 1547 2025 reperiri
1559 1951 1662 2023 grece
1674 1925 1747 1998 vul-

173 2059 283 2144 gatam
299 2045 384 2118 inter
402 2043 501 2146 Opera
516 2043 611 2114 scorti
628 2039 830 2140 Gbrymrtomi
846 2043 964 2143 spurio,
981 2041 1017 2114 in
1034 2056 1122 2117 tomo
1140 2043 1223 2117 LXII
1241 2044 1418 2144 Patmlogioe
1430 2071 1550 2144 grece
1570 2044 1631 2117 col.
1654 2047 1748 2146 775-

174 2167 261 2268 778.
281 2166 330 2239 An
350 2192 423 2239 vero
438 2164 507 2237 bac
523 2162 676 2248 bomilia,
692 2191 791 2262 quam
814 2163 849 2236 S.
869 2163 1097 2263 Chrysostomo
1120 2163 1226 2238 editor
1243 2167 1312 2264 ejus
1335 2167 1447 2268 paucis
1469 2165 1574 2239 verbis
1598 2177 1630 2238 et
1653 2165 1748 2266 quasi

171 2287 341 2362 fastidiens
362 2285 542 2387 abjudicat,
564 2297 674 2358 sancto
692 2284 868 2385 Hippolyto
888 2284 1062 2358 tribuenda
1082 2286 1138 2372 sit,
1154 2286 1301 2388 peritiori
1321 2286 1563 2360 decernendum
1590 2287 1748 2389 relinqui-

172 2437 256 2482 mus.
268 2410 355 2483 Sane
368 2407 517 2511 quadam
530 2406 685 2504 legimus,
697 2406 878 2505 prasertim
892 2405 932 2480 ab
946 2405 1056 2494 initio,
1071 2434 1144 2508 que
1154 2407 1203 2481 vix
1213 2421 1421 2510 portuensem
1434 2408 1621 2512 episcopum
1633 2407 1749 2481 decere

173 2530 334 2606 videntur.

225 2651 413 2750 Fragmeuti
435 2649 470 2724 in
493 2648 753 2735 Valentinianos,
776 2676 884 2750 neque
910 2647 944 2722 in
970 2649 1125 2750 operibus
1144 2649 1178 2723 S.
1202 2648 1373 2754 Hippolyti
1393 2651 1562 2750 genuinis,
1584 2677 1691 2753 neque
1713 2652 1748 2724 in

175 2773 329 2874 operibus
353 2773 388 2846 S.
407 2769 599 2872 Epipbauii,
618 2797 726 2873 neque
743 2771 779 2844 in
798 2770 1068 2872 Pbilocoplvumem's
1077 2775 1100 2855 ¹,
1119 2769 1298 2872 deteximus
1322 2770 1411 2875 quod
1431 2774 1533 2874 possit
1553 2772 1750 2847 authentici·

176 2909 275 2968 tatsm
297 2891 347 2968 vel
375 2891 540 2968 destruere
563 2889 612 2964 vel
635 2893 839 2968 confirmare.
858 2892 910 2966 Nil
926 2892 980 2966 bic
999 2892 1139 2990 legimus
1163 2893 1254 2994 quod
1270 2894 1376 2995 prima
1398 2895 1504 2970 lronte
1524 2895 1558 2967 S.
1582 2891 1749 2996 Hippolyti

176 3016 263 3090 etati
278 3041 345 3089 non
363 3013 542 3090 conveniat.

229 3135 374 3236 Reliqua
394 3134 527 3208 demum
545 3135 713 3210 sententie
731 3133 855 3210 selecto
876 3162 958 3236 quas
977 3162 995 3209 e
1017 3134 1127 3208 codice
1147 3162 1281 3208 armeno
1296 3135 1468 3236 parisiensi
1488 3135 1619 3210 LXXXV
1637 3161 1750 3210 eruere

177 3257 284 3344 licuit,
304 3257 354 3332 vix
371 3258 487 3330 notitia
507 3256 667 3356 indigent.
686 3257 766 3341 Ouae
789 3255 850 3330 sub
870 3256 986 3332 litteris
1005 3255 1033 3329 vl
1050 3269 1083 3329 et
1105 3257 1132 3329 D
1153 3269 1322 3356 ponuntur
1342 3258 1458 3330 merito
1479 3271 1634 3358 suspecte
1658 3271 1751 3343 sunt,

178 3392 291 3480 utpote
311 3406 385 3480 qua
408 3377 556 3452 aHudant
580 3375 624 3451 ad
647 3378 880 3452 controversias
904 3377 1019 3452 seriori
1042 3391 1135 3452 atate
1158 3389 1297 3462 exortas,
1317 3403 1434 3478 nempe
1455 3377 1497 3452 ad
1522 3377 1752 3452 controversias

179 3501 285 3602 quinti
304 3499 424 3577 mooli.
442 3500 606 3585 Attamen,
625 3500 661 3573 in
681 3499 774 3574 libris
793 3501 946 3574 adversus
965 3500 1104 3574 Noetum
1125 3513 1158 3574 et
1177 3499 1355 3606 inscriptis
1374 3499 1526 3574 adversus
1543 3500 1702 3574 Heronem
1720 3512 1754 3573 ct

180 3621 370 3696 Heliconem
391 3618 558 3723 (Poculog.
579 3649 694 3722 greco
712 3621 755 3706 X,
773 3621 835 3694 col.
854 3619 1053 3723 tos-stt)
1073 3648 1139 3695 non
1157 3621 1347 3722 infrequens
1367 3620 1501 3722 questio
1524 3620 1561 3693 fit
1581 3619 1623 3694 de
1637 3619 1753 3692 duobos

179 3744 297 3818 notaris
313 3757 412 3844 atque
427 3743 468 3817 dc
485 3742 697 3830 Ocatrmitote.
715 3740 781 3817 Sed
799 3742 1123 3818 animadvertendum
1144 3756 1193 3818 est
1205 3770 1275 3818 eam
1291 3769 1422 3818 causum
1436 3769 1506 3816 esse
1518 3769 1576 3816 cur
1588 3742 1673 3816 docti
1684 3743 1753 3816 baec

180 3866 298 3968 scriptu
316 3877 428 3940 sancto
444 3864 595 3968 episcopo
612 3864 781 3968 portuensi
798 3864 995 3964 abjudicent.

946 4227 992 4302 XI

237 4471 293 4546 Vix
312 4470 620 4548 commemoratione
645 4468 739 4570 digni
760 4470 910 4545 videntur
929 4471 1043 4545 Sextus
1057 4467 1163 4544 lulius
1183 4467 1352 4544 Xlricanus
1369 4483 1402 4545 et
1423 4468 1596 4570 Origenes,
1615 4493 1755 4568 quorum

184 4607 370 4695 erccrptum
386 4621 490 4669 unum
508 4592 735 4668 tantummodo
750 4591 929 4666 deteximus
944 4592 978 4666 in
994 4591 1198 4666 collectaneis
1215 4591 1346 4693 syriacis
1365 4604 1398 4666 et
1414 4587 1554 4666 armenis
1571 4586 1662 4691 (pag.
1682 4590 1752 4690 337

185 4729 216 4788 et
238 4703 342 4816 att).
360 4713 465 4789 Ambo
486 4715 658 4816 scriptores
683 4713 771 4815 apud
794 4712 993 4799 Orientalcs,
1012 4712 1109 4811 Syros
1130 4712 1281 4815 inquam,
1301 4713 1423 4788 Arabes
1447 4711 1664 4798 eterenos,
1681 4724 1758 4783 sunt

185 4834 444 4923 celebratissimi;
463 4836 521 4909 sed
535 4833 667 4908 illorum
686 4863 783 4936 opera
801 4861 970 4936 nunquam
985 4835 1088 4908 ferme
1105 4834 1147 4908 de
1162 4834 1258 4909 verbo
1272 4833 1313 4908 ad
1330 4833 1465 4910 verbum
1483 4831 1670 4907 recitantur.

236 4956 316 5030 Iulii
329 4957 473 5031 Africani
493 4955 753 5057 chronographia
771 4957 815 5030 ita
831 4955 1018 5059 frequenter
1034 4956 1195 5056 allegatur
1212 4955 1300 5056 apud
1317 4954 1547 5055 chronologos,
1567 4951 1758 5055 Dionysium

185 5076 520 5166 Tel-Haberenscm,
545 5078 737 5180 Dionysium
765 5075 1070 5163 Har-Isalibaeum,
1093 5077 1197 5152 Eliam
1224 5077 1432 5162 Nisibenum,
1457 5075 1651 5177 Gregorium
1679 5077 1760 5149 Bar-

224 5331 231 5366 Ι
251 5331 295 5386 cto
308 5327 444 5404 Hvttovopl.
459 5329 504 5395 Vl,
521 5331 616 5402 so-ttp.
