3990 6092
277 533 344 603 320
630 531 803 598 PATRUM
834 530 1232 597 ANTENICAENORUM
1260 530 1496 599 statuunt.

279 694 387 752 autem
408 678 554 750 ultimam
575 705 677 750 annos
695 678 785 750 mille
803 679 959 751 ducentos
983 694 1015 751 et
1038 679 1224 778 nonaginta.
1247 679 1391 751 «Beatus
1408 681 1465 781 qui
1485 679 1653 752 sustulerit
1674 694 1705 751 et
1728 684 1859 754 venerit

279 827 408 899 susque
432 800 474 870 ad
496 799 564 872 dies
586 799 675 870 mille
702 813 860 871 trecentos
886 813 917 870 et
940 799 1070 898 triginta
1091 800 1282 899 quinquels
1301 801 1382 872 Cum
1404 801 1490 872 enirn
1511 802 1633 872 venerit
1650 801 1856 874 abominatio

278 921 427 1021 praelians
447 947 520 993 cum
536 920 669 1002 sanctis,
684 921 882 1021 quicumque
901 921 969 992 dics
987 920 1076 992 illius
1091 921 1252 992 transierit
1267 935 1299 992 et
1318 923 1509 1020 processerit
1526 922 1611 994 ultra
1631 949 1690 1022 per
1707 923 1858 1023 quadra-

279 1041 368 1137 ginta
383 1055 415 1112 et
433 1041 578 1141 quinque
593 1039 676 1123 dies,
697 1042 857 1141 pertinget
874 1041 916 1111 ad
933 1042 1108 1113 adventum
1125 1041 1245 1113 Christi
1263 1069 1466 1140 regnumque
1484 1041 1649 1114 coelorum.

329 1218 412 1289 Vlll.
441 1219 481 1290 Et
497 1219 613 1290 iterum
632 1245 690 1318 per
709 1218 771 1290 hoc
792 1217 884 1317 quod
901 1217 1043 1290 dicitur:
1066 1218 1201 1317 sUsque
1219 1217 1260 1290 acl
1273 1232 1400 1319 tempus
1417 1232 1450 1289 et
1467 1231 1612 1318 tempora
1627 1233 1659 1290 et
1676 1219 1852 1292 dimidium

279 1339 458 1438 «temporis
469 1343 518 1420 ¹,s
538 1351 601 1409 tres
616 1364 718 1410 annos
736 1353 767 1410 et
784 1338 957 1410 dimidium
980 1339 1057 1410 anni
1078 1339 1252 1438 significat,
1277 1367 1349 1440 qua
1362 1337 1444 1440 (51)
1461 1352 1538 1412 sunt
1555 1353 1682 1440 tempus
1697 1340 1851 1412 domina-

279 1461 376 1532 tionis
390 1458 586 1530 Antichristi.
606 1459 746 1558 Tempus
764 1459 850 1531 enim
867 1473 959 1532 vocat
975 1487 1115 1545 annum,
1127 1475 1272 1561 tempora
1291 1475 1399 1532 autem
1412 1460 1496 1532 duos
1512 1487 1614 1533 annos
1628 1475 1660 1532 et
1677 1461 1851 1534 dimidium

279 1581 434 1680 temporis
447 1578 619 1652 dimidium
635 1581 728 1664 anni,
742 1608 814 1680 quae
831 1595 907 1652 sunt
921 1579 1010 1652 mille
1026 1582 1155 1654 ducenti
1167 1596 1199 1653 et
1211 1582 1387 1678 nonaginta
1399 1581 1482 1665 dies,
1494 1582 1549 1653 isti
1564 1583 1605 1654 de
1622 1582 1742 1682 quihus
1755 1595 1850 1654 antea

280 1699 395 1773 Daniel
418 1701 544 1773 locutus
563 1714 620 1773 est.
643 1699 761 1785 Porro,
777 1703 803 1771 si
826 1701 865 1773 iis
890 1701 1053 1774 addantur
1075 1700 1290 1800 quadraginta
1313 1701 1459 1801 quinque
1484 1701 1540 1772 alii
1554 1699 1660 1804 (dies)
1676 1717 1750 1803 post
1769 1730 1851 1803 quos

280 1821 460 1921 completur
471 1822 652 1920 castigatio,
664 1821 845 1920 tuncjuder
852 1823 1000 1920 judicum
1011 1821 1206 1894 revelabitur
1225 1821 1265 1894 de
1281 1823 1376 1908 cralo,
1387 1823 1575 1895 ressurectio
1594 1822 1649 1894 liet
1664 1835 1697 1893 et
1712 1849 1851 1922 regnum

281 1943 436 2015 coelorum
455 1942 584 2016 dabitur
599 1943 638 2014 iis
657 1944 713 2044 qni
731 1943 822 2041 digni
839 1957 945 2016 erunt.
1057 2027 1060 2036 ⁴

331 2092 389 2163 llic
405 2092 538 2165 Danant
555 2121 589 2165 co
608 2121 673 2190 quoe
681 2093 829 2192 pertinent
845 2092 886 2163 acl
902 2091 1151 2164 Commmtorium
1166 2094 1261 2164 sancti
1275 2093 1431 2192 Hippolyti
1445 2094 1476 2163 ic
1493 2093 1655 2164 Danielem

1047 2398 1073 2467 V

573 2589 749 2652 SANCTUS
770 2589 1040 2662 HtPPOLYTUS,
1062 2591 1283 2652 EPlSCOPUS
1307 2592 1357 2652 ET
1383 2589 1559 2686 MARTYR,

388 2742 446 2797 1rs
466 2741 631 2796 LOGU'l'US
651 2740 715 2795 EST
736 2741 773 2794 ΙΝ
793 2739 982 2795 TRAGTATU
1005 2739 1152 2807 Qutnro
1173 2740 1286 2796 SUPER
1302 2739 1482 2796 DANIELEll
1503 2741 1742 2797 Pnorunratt:

333 2909 357 2980 l.
386 2908 479 2981 Prior
488 2909 619 2981 Domini
630 2907 729 2980 nostri
740 2909 895 2981 adventus
909 2911 942 2980 in
958 2936 1053 2980 carne
1065 2907 1272 2991 Bethlehem,
1285 2908 1400 2980 diebus
1409 2909 1562 3007 Augusti,
1574 2937 1660 2980 anno
1676 2911 1854 3010 quinquies

282 3030 452 3101 millesimo
471 3044 502 3102 et
522 3030 781 3130 quingentesimo
799 3028 915 3102 mundi
927 3030 1033 3102 locum
1052 3029 1178 3102 hahuit.
1200 3028 1316 3101 Passus
1335 3043 1382 3102 est
1400 3029 1556 3103 Dominus
1578 3058 1663 3102 anno
1687 3031 1853 3130 trigesimo

279 3151 372 3223 tertio
395 3166 468 3251 post
490 3165 597 3223 ortum
619 3179 726 3224 suum.
743 3153 876 3224 Necesse
900 3166 1008 3223 autem
1026 3164 1074 3223 est
1095 3179 1148 3223 sex
1173 3150 1274 3222 millia
1300 3177 1462 3223 annorum
1485 3152 1655 3251 compleri,
1675 3165 1853 3256 antequam

280 3273 386 3344 veniat
402 3271 572 3344 sabbatum
594 3274 852 3356 resurrectionis,
866 3271 948 3344 illud
973 3272 1007 3343 in
1030 3300 1096 3371 quo
1119 3272 1277 3344 Dominus
1296 3273 1498 3372 «requiescet
1520 3272 1561 3343 ab
1585 3275 1732 3345 universo
1753 3301 1853 3374 opere

282 3393 397 3492 squod
414 3398 615 3492 patraratts.

903 3586 943 3657 ll.
974 3615 1007 3658 sr
1026 3613 1117 3657 rinno
1132 3613 1225 3656 aosr:

332 3761 380 3833 Ab
399 3777 471 3835 ortu
487 3763 587 3860 igitur
609 3761 755 3844 Domini,
772 3775 898 3862 oportet
921 3778 957 3835 ut
980 3776 1187 3835 numerantes
1211 3761 1352 3862 reliquos
1370 3761 1565 3862 quingentos
1585 3788 1687 3833 annos
1708 3774 1854 3833 transea-

283 3911 372 3967 mus,
390 3897 564 3982 antequam
582 3884 781 3982 impleantur
794 3911 846 3954 sex
863 3883 964 3956 millia
982 3911 1143 3957 annorum
1159 3897 1192 3957 et
1208 3883 1265 3955 frat
1281 3883 1526 3954 consummatio.

1044 4175 1092 4248 Vl

966 4347 1172 4409 scttOLtUn

780 4489 825 4546 DE
846 4489 1105 4547 nts'rtnc'rtonn
1124 4487 1351 4547 Psnnnonutt.

333 4658 357 4730 l.
387 4657 505 4732 Psalmi
517 4657 648 4760 quidem
661 4686 773 4732 omues
787 4691 799 4732 ι
811 4663 855 4732 50
867 4673 1093 4743 numerantur,
1103 4685 1212 4731 verum
1227 4685 1291 4731 non
1304 4670 1380 4728 sunt
1391 4683 1503 4728 omnes
1514 4653 1659 4742 Daridis,
1671 4669 1707 4729 ut
1718 4656 1854 4757 quidam

280 4794 412 4881 putant,
431 4780 488 4852 sed
506 4794 537 4852 et
553 4780 690 4853 aliorum
708 4782 964 4882 psalmistarum,
983 4807 1066 4882 quos
1084 4779 1180 4877 elegit
1198 4779 1300 4850 David
1316 4778 1356 4850 de
1379 4778 1465 4849 trihu
1484 4778 1666 4850 heritarum
1683 4790 1714 4849 et
1731 4781 1859 4854 consti·
1974 4785 1975 4812 ¹

281 4903 342 4974 tuit
360 4916 528 4974 cantorum
546 4902 717 5003 principes.
735 4902 778 4974 lli
794 4929 892 5003 porro
910 4917 985 4974 sunt
999 4901 1125 5001 hsaph,
1138 4901 1281 4985 Heman,
1292 4899 1398 4972 Ethan
1416 4913 1449 4972 et
1465 4898 1619 4970 ldithum.
1636 4899 1694 4970 llis
1712 4912 1855 4998 quatuor

282 5023 393 5123 psaltis
413 5023 558 5122 adjunxit
577 5037 615 5096 ut
631 5024 762 5096 comites
784 5024 854 5095 288
874 5025 975 5108 viros,
993 5023 1170 5122 unicuique
1184 5021 1267 5096 viros
1287 5049 1331 5120 72
1353 5021 1410 5121 qui
1430 5033 1544 5093 cantus
1559 5047 1636 5092 suos
1650 5019 1782 5092 musicis
1803 5021 1855 5093 in-

318 5293 325 5324 ¹
346 5289 446 5354 Daniel,
461 5312 507 5354 sn,
526 5295 568 5347 25.
585 5297 644 5334 -2
664 5291 746 5348 Gerus.
761 5311 792 5356 n,
806 5311 829 5346 n.
