3980 6084
690 559 890 624 SANCTUS
919 559 1197 626 METHODIUS.
1663 563 1731 628 d39

161 709 272 781 omnia
290 722 419 790 tenens,
441 733 552 778 creans
579 719 611 780 et
632 706 803 790 ordinans,
822 706 864 780 ad
887 707 1064 806 imaginem
1088 735 1182 780 suam
1200 708 1318 780 creavit
1339 709 1506 780 animam:
1528 725 1726 811 quapropter

161 829 269 902 anima
295 841 342 900 est
366 827 532 901 rationalis
550 840 581 900 et
604 827 806 900 immortalis.
827 828 937 911 Ouum
964 842 1072 902 autem
1092 829 1132 900 sit
1156 841 1261 901 creata
1280 828 1321 900 ed
1349 829 1525 928 imaginem
1547 830 1726 928 Unigeniti,

161 965 197 1024 ut
211 949 333 1023 dictum
351 961 413 1033 eat,
429 947 707 1048 pulchritudinem
725 975 886 1022 summam
900 950 1053 1050 possidet.
1073 947 1186 1052 (207)

926 1253 969 1335 2⁰

332 1442 633 1511 FRAGMENTA
663 1443 727 1509 EX
755 1443 959 1511 annunt
985 1443 1240 1512 VERSIONE
1267 1445 1565 1514 uetustam.

942 1693 957 1760 Ι

382 1861 516 1924 SERMO
537 1861 576 1958 iN
599 1861 875 1923 ascuusluttmtt
896 1861 1042 1925 nomint
1064 1861 1208 1924 NOSTRl
1229 1861 1325 1924 JESU
1346 1859 1518 1926 cuntsrt.

217 2049 281 2119 Nos
298 2070 426 2128 omnes,
446 2043 507 2116 hoc
528 2056 689 2142 tempore,
709 2043 946 2144 Prophetarum
967 2043 1063 2116 verba
1083 2069 1241 2144 usurpare
1256 2043 1348 2117 dccet
1367 2049 1580 2144 omniumque
1598 2044 1737 2116 Domino

167 2167 375 2249 benedicere,
394 2163 559 2238 dicentes:
584 2164 691 2249 «Quis
705 2163 858 2263 loquetur
874 2165 1037 2264 potentias
1052 2165 1199 2250 Domini,
1223 2164 1350 2238 auditas
1368 2165 1481 2268 (faciet
1498 2191 1611 2238 omnes
1625 2164 1739 2238 laudes

169 2284 343 2387 sejus)¹?n
359 2285 457 2358 Nobis
475 2285 562 2358 enim
575 2285 694 2385 pignus
711 2283 863 2366 daturus,
877 2284 920 2357 ed
932 2286 1029 2358 cmlos
1044 2285 1187 2360 elevatus
1200 2301 1264 2371 est,
1283 2300 1331 2370 et,
1347 2285 1437 2387 quod
1451 2312 1471 2357 a
1484 2286 1578 2358 nobie
1593 2311 1739 2386 assump-

168 2422 267 2491 serat,
281 2420 446 2479 terrenum
459 2431 575 2504 corpus
593 2431 692 2506 super
706 2419 879 2506 paternum
894 2407 1048 2479 thronum
1065 2408 1240 2480 constituit.
1262 2407 1304 2480 Ut
1320 2406 1452 2480 Domini
1467 2407 1502 2479 in
1518 2433 1625 2480 servos
1640 2407 1739 2480 bene-

168 2526 340 2600 volentiam
358 2539 595 2627 exsequeretur,
614 2526 817 2599 inimicitiam
833 2527 965 2600 abstulit
986 2529 1172 2628 antiquam,
1193 2528 1438 2629 coelestiumque
1455 2528 1611 2600 virtutum
1627 2553 1740 2627 pacem

168 2648 304 2722 terrenis
321 2647 509 2720 bominibus
528 2646 666 2746 largitus
685 2663 751 2732 est;
775 2648 864 2722 unde
881 2647 976 2722 nobis
996 2649 1148 2722 omnibus
1170 2649 1267 2722 bodie
1290 2647 1475 2722 adaemone
1498 2662 1590 2750 parta
1610 2649 1739 2721 victorie

168 2782 232 2852 est,
261 2770 354 2843 nobis
378 2769 530 2842 omnibus
556 2768 758 2867 triumphus,
784 2770 878 2843 nobis
901 2771 1053 2843 omnibus
1069 2771 1235 2872 praelium,
1259 2771 1354 2844 nobis
1376 2771 1528 2844 omnibus
1553 2785 1586 2842 et
1608 2795 1739 2844 corone.

169 2891 330 2963 Laetemur
350 2917 463 2963 omnes
479 2890 589 2988 igitur,
616 2890 780 2963 Christum
796 2891 932 2991 pignus,
948 2891 1090 2963 locatum
1116 2893 1150 2963 iu
1170 2892 1337 2991 supernis,
1357 2906 1569 2991 nostramque
1591 2905 1741 2964 naturam

169 3012 210 3084 ad
231 3011 357 3111 paterni
379 3011 488 3084 throni
507 3010 669 3082 dexteram
689 3011 897 3083 constitutam
914 3011 1069 3082 videntes.
1084 3012 1264 3094 Quoniam,
1283 3012 1310 3082 si
1325 3012 1489 3112 Propheta
1505 3012 1618 3084 beatos
1636 3013 1743 3111 potuit

169 3133 277 3204 dicere
290 3131 362 3204 iilos
377 3131 498 3232 quibus
514 3145 621 3203 assent
638 3157 749 3202 semen
766 3131 801 3203 in
814 3131 894 3202 Sion
909 3145 940 3203 et
953 3130 1122 3204 domestici
1138 3131 1171 3201 in
1186 3131 1382 3226 Jerusalem,
1396 3143 1520 3232 quanto
1532 3131 1636 3229 mogh
1649 3131 1743 3206 decet

169 3279 231 3324 nos
247 3253 348 3324 interi
366 3265 399 3324 et
412 3250 571 3350 gaudere,
591 3277 651 3322 uos
668 3249 725 3350 qui
742 3249 888 3323 videmus
903 3277 1012 3324 semen
1027 3265 1059 3324 et
1073 3252 1193 3351 pignus
1208 3265 1354 3324 nostrum
1374 3251 1409 3324 in
1430 3253 1537 3352 ipsum
1553 3251 1669 3324 coelum
1688 3253 1742 3324 in-

170 3373 372 3456 troductum,
389 3384 487 3471 atque
505 3397 603 3470 super
621 3371 775 3444 thronum
792 3373 935 3470 regalem
950 3371 1172 3444 constitutum.

222 3493 363 3566 Mentem
388 3520 509 3576 meam,
530 3491 745 3576 dilectissimi,
772 3492 813 3566 de
831 3493 989 3566 immense
1016 3493 1076 3564 Dei
1092 3492 1238 3565 bonitate
1261 3491 1484 3592 ineffabilique
1502 3494 1571 3593 ejus
1588 3493 1623 3565 in
1640 3518 1743 3590 genus

172 3629 317 3686 nostram
335 3613 535 3713 providentia
555 3613 709 3713 opprimit
721 3613 885 3713 reptatio.
906 3614 987 3697 Quis
1005 3613 1126 3686 enimn
1147 3613 1314 3713 paradiso,
1331 3611 1454 3686 diaboii
1468 3613 1599 3698 fraude,
1615 3613 1742 3714 lapsum

171 3734 337 3806 bominem
359 3747 457 3833 etque
478 3733 686 3818 damnatum,
706 3733 746 3806 ad
767 3748 890 3806 tantam
914 3734 1023 3807 denuo
1047 3747 1192 3807 evectum
1217 3733 1441 3808 celsitudinem
1463 3731 1549 3836 (non
1572 3729 1744 3834 miretur)‘.2

172 3856 253 3938 Quis
277 3881 353 3940 nos,
369 3853 427 3955 qui
446 3854 480 3928 in
505 3869 590 3928 terra
615 3855 685 3928 sine
710 3855 835 3928 honore
860 3855 999 3939 fuimus,
1015 3855 1113 3928 bodie
1133 3855 1167 3927 in
1191 3853 1307 3928 caelum
1334 3855 1495 3941 sublatos,
1511 3855 1584 3956 quis
1601 3868 1743 3930 nostram

173 3991 340 4060 naturam,
357 4004 445 4077 quae,
464 4003 537 4048 omn
556 3976 691 4074 indigna
709 3975 801 4076 prius
815 3977 966 4076 paradiso
981 3976 1092 4050 habita
1110 3977 1240 4059 suisset,
1257 4003 1345 4050 nunc
1361 3975 1501 4077 primam
1519 3977 1674 4050 emiorum
1691 4002 1745 4049 se-

171 4099 247 4172 dem
265 4097 421 4182 obtinuit,
440 4123 595 4200 quaeque,
612 4097 689 4170 olim
706 4097 943 4170 edaemouibus
958 4097 1068 4182 irrisa,
1084 4097 1183 4170 bodie
1205 4099 1247 4171 eb
1262 4098 1387 4198 angelis
1405 4097 1619 4200 supernisque
1633 4098 1745 4171 Virtu-

172 4220 259 4292 tibus
275 4218 429 4293 adoratur
448 4217 533 4320 (non
551 4218 741 4320 suspiciat)?
759 4215 872 4320 (208)

225 4340 253 4416 0
273 4341 368 4414 beata
386 4341 505 4414 Maria!
526 4366 545 4411 o
563 4340 792 4412 [austerorum
813 4339 1080 4440 ordinatumque
1099 4339 1192 4412 nobis
1213 4341 1402 4413 innumeras
1425 4340 1534 4413 attulit
1556 4339 1748 4413 immortali-

173 4463 247 4536 tatis
265 4463 393 4535 cousas!
419 4460 523 4534 Malus
541 4460 629 4532 enim
651 4460 819 4545 diabolus,
843 4461 915 4560 qui,
935 4461 1055 4533 invidie
1076 4461 1110 4532 in
1136 4475 1277 4534 noemam
1299 4474 1390 4534 actus
1409 4475 1576 4545 naturam,
1600 4474 1747 4562 optatum

175 4583 274 4656 tinem
296 4582 331 4654 in
355 4597 439 4656 terra
462 4581 663 4665 obtinuerat,
681 4608 769 4654 nune
792 4581 960 4654 bominem
978 4580 1065 4654 videt
1088 4579 1222 4654 incaelo
1247 4581 1435 4667 adoratum,
1458 4582 1704 4682 immunemque
1728 4607 1746 4654 e

174 4702 261 4776 melo
279 4703 369 4803 quod
389 4703 437 4774 itti
458 4703 577 4775 inferre
595 4702 788 4776 crediderat.
806 4703 871 4777 Nos
891 4702 979 4775 enim
1002 4703 1139 4776 maxima
1157 4703 1322 4804 voluptate
1339 4703 1484 4776 fruentes
1499 4703 1746 4803 contempletur.

175 4824 268 4898 Unde
290 4823 405 4909 bodie,
429 4824 521 4898 laetus
539 4837 571 4896 et
588 4823 750 4922 gaudens,
780 4853 835 4899 vos
859 4825 924 4898 mei
940 4823 1112 4925 participes
1141 4824 1242 4898 debiti
1264 4825 1454 4898 consututoe
1472 4851 1569 4923 rogo,
1592 4825 1747 4926 quoniam

176 4970 249 5028 nos,
279 4944 336 5044 qui
364 4945 478 5018 infima
506 4944 597 5043 digni
625 4957 781 5046 potestate
809 4945 913 5018 babiti
937 4971 1003 5018 non
1028 4945 1210 5030 fueramus,
1236 4971 1325 5018 auno
1351 4971 1529 5045 supernum
1558 4958 1591 5018 et
1621 4943 1747 5017 coeleste

177 5091 314 5162 regnum
337 5065 580 5165 acquisivimus,
599 5079 714 5166 atque,
732 5092 830 5166 supra
850 5065 947 5140 coelos
966 5067 1112 5152 exaltati,
1129 5067 1169 5140 ad
1190 5067 1331 5165 regalem
1353 5066 1557 5166 pervenimus
1580 5065 1745 5140 monum.

215 5317 221 5346 ¹
242 5313 330 5367 Prohn.
345 5333 379 5376 or,
394 5334 417 5369 s.
