4006 6098
539 567 741 636 SANCTUS
771 569 1034 637 GREGORIUS
1063 569 1447 639 THAUMATURGUS.
1709 575 1775 642 375

207 718 248 790 sit
268 716 473 791 beatissimus
491 731 524 789 et
544 719 664 790 eduens
686 718 720 790 in
743 718 933 790 muneribus
955 717 1032 790 suis.
1048 719 1131 792 Eum
1156 720 1315 816 attingere
1336 745 1403 792 non
1424 719 1524 805 sales,
1544 722 1700 822 quoniam
1718 721 1778 796 tihi

207 867 274 912 non
292 837 433 912 ostendit
451 850 603 910 naturam
624 865 716 912 suam
738 839 1035 938 incorruptibilem,
1051 840 1201 912 omnibus
1218 842 1433 941 superiorem,
1452 842 1479 913 si
1497 833 1646 942 quidem,
1664 843 1699 915 in
1716 843 1778 916 hac

208 959 472 1033 excellentissima
484 959 663 1058 voluptate,
678 983 751 1058 qum
768 961 870 1032 Deum
890 959 996 1044 decet,
1011 975 1227 1044 conversatur,
1246 962 1522 1061 quemadmodum
1540 963 1662 1048 dixisti,
1675 963 1776 1047 hanc,

208 1095 239 1154 te
255 1081 382 1179 judice,
400 1080 530 1181 proprie
553 1078 666 1152 decere
689 1079 793 1151 Deum
812 1093 843 1152 et
862 1081 965 1152 Deum
985 1080 1025 1152 ad
1044 1107 1114 1152 eam
1136 1081 1241 1154 redire
1259 1095 1292 1154 et
1311 1083 1345 1154 in
1365 1111 1403 1155 ea
1422 1083 1573 1168 volutari,
1592 1084 1636 1156 ita
1655 1097 1693 1155 ut
1708 1088 1778 1184 ipse

208 1201 289 1274 nihil
308 1203 398 1298 agat,
417 1199 565 1300 nihilque
588 1225 683 1296 agere
702 1199 774 1271 eliis
798 1201 974 1300 permittat.
993 1201 1198 1301 Quicumque
1218 1203 1304 1274 enim
1321 1204 1366 1274 ita
1386 1217 1448 1286 est,
1467 1205 1616 1276 infirmus
1638 1217 1696 1277 est.
1719 1204 1778 1277 Dic

207 1321 320 1405 nohis,
335 1321 494 1421 asapians
505 1319 730 1421 Theopompo,
747 1347 846 1420 quam
859 1321 1042 1420 passionem
1058 1335 1114 1392 aut
1129 1347 1227 1421 quam
1245 1322 1466 1394 infirmitatem
1484 1325 1675 1397 contraxerit
1690 1324 1777 1396 Deus

206 1442 412 1516 beatissimus
434 1454 466 1514 et
490 1419 759 1542 incorruptibilis,
775 1441 931 1513 auxilium
956 1441 1108 1514 sensibile
1130 1441 1317 1514 hominihus
1338 1443 1518 1528 afferendo,
1536 1447 1712 1544 prasertim
1737 1445 1778 1517 iis

208 1565 281 1664 qni,
302 1564 501 1662 ignorantia,
521 1563 616 1634 bonis
633 1565 702 1662 ejus
717 1562 950 1648 destituuntur,
970 1562 1186 1664 violentiaque
1205 1564 1394 1663 passionum
1417 1563 1458 1637 ad
1477 1566 1627 1665 abyssum
1646 1565 1779 1668 propel-

207 1684 332 1770 luntur,
349 1683 435 1756 unde
453 1711 470 1756 a
490 1684 624 1785 seipsis¹
643 1685 793 1758 virtutem
814 1683 971 1782 attingere
993 1698 1172 1784 nequeunt.
1190 1685 1224 1758 si
1243 1711 1318 1758 vero
1341 1686 1494 1758 audacter
1510 1687 1667 1787 tantisper
1686 1686 1778 1787 loqui

207 1806 255 1878 fas
272 1818 334 1890 cst,
351 1804 405 1878 ille
423 1831 490 1877 non
512 1819 562 1878 est
577 1805 783 1878 beatissimus
805 1817 838 1876 et
853 1804 1124 1904 incorruptibilis,
1138 1805 1195 1905 qui
1211 1805 1375 1890 homines,
1393 1807 1534 1906 quodem
1555 1805 1650 1880 modo
1668 1833 1686 1880 e
1705 1808 1779 1880 nari

209 1925 408 2012 decidentes,
426 1940 473 2012 et,
487 1925 567 2027 quia
586 1926 673 1998 illius
690 1927 867 1998 bonitatem
884 1925 1051 2023 ignorant,
1070 1923 1270 2011 submersos,
1289 1953 1354 1999 non
1371 1940 1462 1999 vocet
1478 1941 1534 1999 aut
1551 1927 1592 1999 ad
1610 1955 1644 2000 se
1661 1927 1777 2013 trahit,

208 2073 282 2120 curn
302 2046 354 2119 isti
371 2061 533 2120 versantes
555 2048 589 2119 in
613 2047 729 2119 mundi
745 2073 864 2118 oceano
891 2045 933 2118 ad
954 2046 1101 2119 virtutem
1124 2049 1291 2148 pervenire
1311 2049 1527 2147 nequivemnt
1547 2062 1579 2120 et
1594 2048 1662 2121 Deo
1678 2049 1777 2123 alieni

208 2168 284 2241 iacti
307 2174 415 2241 sonat.
436 2169 517 2252 Quis
536 2168 637 2266 igitur
658 2183 706 2242 est
727 2168 781 2241 ille
802 2169 890 2240 [leus
911 2167 1129 2252 beatissimus,
1146 2168 1324 2266 gratiarum
1344 2167 1517 2268 prodigus,
1537 2170 1692 2242 honitatis
1711 2197 1778 2242 suae

207 2289 356 2388 largitate
380 2289 594 2376 excellentior,
616 2291 668 2362 cui
688 2290 785 2361 insita
805 2315 873 2361 non
896 2302 958 2373 est,
978 2317 1037 2360 nec
1057 2290 1241 2372 amoenitas,
1261 2315 1320 2362 nec
1337 2290 1555 2390 providentia,
1574 2317 1634 2364 nec
1654 2291 1777 2365 libera-

208 2410 298 2496 litas,
320 2437 379 2484 nec
402 2412 468 2484 ulla
489 2410 606 2484 harum
629 2411 823 2512 qualitatum
844 2437 917 2510 quae
945 2410 1094 2483 virtutem
1117 2411 1248 2496 decent,
1270 2437 1408 2511 quaeque
1430 2425 1507 2484 sunt
1526 2411 1643 2484 auxilie
1666 2412 1726 2484 Dei
1741 2412 1776 2484 in

208 2533 422 2633 opitulatione
437 2559 497 2605 sua
513 2531 627 2606 effusi?

258 2707 337 2782 XVI.
367 2709 403 2782 Si
425 2709 535 2808 igitur,
553 2709 784 2808 imaginatione
803 2707 971 2810 abreptus,
988 2736 1181 2809 componere
1203 2722 1234 2781 et
1258 2708 1433 2811 depingere
1458 2709 1516 2782 tihi
1533 2709 1579 2782 ris
1602 2709 1707 2783 Deum
1727 2709 1777 2781 sui

211 2829 513 2932 amantem,(ll9)
524 2832 557 2903 in
571 2831 689 2903 divitiis
710 2831 775 2904 suis
793 2843 1050 2913 conversantem,
1068 2831 1170 2927 gloria
1187 2858 1246 2904 sua
1264 2831 1440 2910 fruentem,
1453 2831 1574 2904 nemini
1594 2857 1778 2904 succurrere

210 2952 386 3036 volentem,
408 2950 558 3024 homines
583 2950 794 3052 repellentem
816 2963 850 3022 et
871 2951 1086 3049 rejicientem,
1107 2952 1225 3023 auxilia
1247 2949 1364 3054 (entis)
1386 2951 1562 3026 beatissimi
1585 2952 1780 3024 subtrahen-

210 3084 292 3155 tem,
309 3086 431 3173 quanta
454 3086 503 3144 est
524 3071 695 3143 crudelitas
717 3097 794 3167 erga
817 3068 1053 3150 hominesillcs
1073 3071 1131 3170 qui
1151 3071 1302 3142 virtutem
1321 3071 1508 3168 ignorantes
1532 3073 1697 3142 turmatim
1717 3097 1780 3170 pe·

210 3194 321 3264 reuntl
338 3194 387 3265 Sit
412 3193 508 3264 etiam
535 3191 623 3264 istud
645 3217 703 3262 ens
723 3189 945 3262 beatissimum
973 3217 1144 3262 munerum
1172 3216 1305 3260 suorum
1331 3191 1522 3290 prodigum!
1546 3190 1781 3290 Relinquamus

211 3326 318 3384 autem
345 3341 416 3412 qua
442 3326 518 3384 sunt
540 3313 575 3385 in
598 3312 858 3412 presentiarum,
875 3325 906 3382 et
923 3311 1089 3382 veniamus
1110 3309 1151 3381 ad
1169 3310 1328 3410 sapientes
1350 3324 1387 3382 ut
1406 3310 1447 3381 ab
1471 3311 1516 3382 eis
1534 3337 1614 3382 verae
1632 3311 1781 3412 philoso-

210 3433 295 3534 phiae
315 3433 493 3507 doctrinam
514 3433 734 3516 addiscamus;
750 3431 906 3532 quoniam
927 3457 982 3504 eos
1002 3431 1057 3530 qui
1076 3430 1262 3503 ercidcmnt
1281 3444 1314 3502 et
1335 3445 1484 3504 errarunt
1500 3431 1535 3504 in
1557 3431 1618 3504 hoe
1638 3431 1780 3518 mundo,

210 3553 251 3625 ad
270 3583 303 3627 sc
321 3569 487 3640 vocantes,
506 3554 749 3628 accersiverunt.
769 3552 804 3626 Si
823 3552 984 3624 siluissent
1001 3551 1202 3653 philosophi,
1221 3552 1300 3624 dum
1319 3552 1484 3626 turmatim
1507 3553 1651 3652 perirent
1670 3551 1781 3624 homi-

210 3703 284 3760 nes,
296 3676 441 3775 periisset
452 3677 567 3750 Critias
580 3675 695 3757 silens,
707 3676 749 3747 ob
764 3702 907 3748 amorem
920 3675 1103 3775 potestatis;
1116 3673 1261 3772 periisset
1278 3673 1443 3774 loquendo
1453 3673 1650 3760 Alcibiades,
1664 3672 1779 3775 prudi-

210 3797 350 3896 galitatis
362 3825 468 3869 causa.
484 3799 607 3870 Virtute
622 3797 818 3898 prestabant
831 3797 934 3868 Persae
947 3809 979 3867 et
996 3795 1083 3867 Medi
1099 3796 1205 3877 Susa,
1221 3810 1395 3895 antequam
1411 3821 1445 3867 se
1459 3797 1557 3867 armis
1573 3795 1782 3868 accinxissent

210 3932 246 3990 ut
270 3920 302 3990 in
321 3917 544 3990 Macedoniam
562 3919 716 3991 venirent.
739 3918 826 4002 Quid
849 3917 948 4016 igitur
970 3921 1085 4000 ratast
1106 3931 1157 4000 tu,
1176 3945 1194 3989 o
1216 3918 1327 4000 beate,
1348 3917 1502 3989 omnibus
1524 3917 1592 3989 istis
1615 3917 1780 3989 intereun-
1894 3989 1900 4001 ,

209 4039 311 4119 tibus,
324 4067 397 4111 cum
414 4040 590 4139 sapientes,
604 4053 639 4110 ut
657 4066 711 4111 eos
724 4041 890 4138 jurarent,
903 4039 1018 4110 silerel
1036 4038 1097 4109 sibi
1116 4037 1299 4110 noluerint?
1317 4039 1392 4110 Haec
1407 4051 1455 4109 est
1471 4052 1588 4110 natura
1606 4038 1778 4120 virtutis,0

209 4159 432 4261 Theopompe,
449 4159 501 4232 hic
519 4161 705 4234 estimetur
723 4159 952 4259 philosophie,
971 4158 1108 4242 scilicet,
1124 4172 1160 4230 ut
1178 4158 1200 4229 ii
1218 4171 1342 4230 tantum
1361 4159 1448 4231 beati
1466 4187 1501 4231 ac
1516 4160 1665 4256 generosi
1681 4184 1781 4258 repu-

210 4293 318 4352 tentur
335 4281 455 4380 quihus
471 4307 538 4353 non
555 4295 603 4353 est
622 4279 825 4352 solummodo
843 4306 919 4351 cura
937 4278 1003 4363 sui,
1015 4279 1072 4350 sed
1088 4279 1309 4379 proximorum
1322 4279 1436 4362 etiam,
1455 4280 1632 4380 prasertim
1647 4265 1779 4350 illorum

209 4402 266 4502 qui
285 4401 487 4501 passionibus
509 4402 625 4473 animae
643 4399 868 4500 subjiciuntur.
888 4399 958 4499 lpse
982 4399 1077 4471 etiam
1098 4399 1258 4496 Diogenes
1276 4399 1421 4499 cynicus,
1438 4426 1528 4485 cum,
1547 4397 1689 4500 quadam
1706 4398 1776 4484 die,

209 4521 250 4593 ah
263 4523 451 4594 Atheniensi
466 4523 687 4620 increparetur
704 4519 754 4592 his
770 4519 894 4593 verbis:
911 4519 1012 4608 «Cur,
1029 4547 1102 4591 curn
1121 4517 1235 4591 laudas
1254 4519 1506 4593 lacedemonios
1522 4534 1555 4592 et
1568 4519 1778 4592 Athenienses

210 4643 410 4742 «vituperas,
430 4643 580 4741 Spartam
601 4668 666 4713 non
688 4641 815 4742 petisia
831 4641 873 4712 ita
890 4639 1093 4741 respondisse
1111 4641 1235 4732 fertur:
1254 4640 1396 4713 alladici
1416 4641 1521 4714 solent
1538 4641 1639 4713 visere
1658 4667 1778 4738 aegros,

210 4789 300 4834 enon
319 4775 428 4835 autem
448 4767 603 4834 sanos⁵.a
622 4761 657 4834 Si
674 4761 774 4860 igitur
787 4761 994 4862 philosophia
1013 4760 1157 4833 humana
1177 4761 1264 4833 norit
1281 4761 1348 4860 ipsa
1370 4761 1486 4833 anima
1502 4757 1633 4834 morbos
1647 4785 1777 4843 curare,

209 4895 241 4953 et
259 4883 298 4954 iis
319 4883 377 4983 qui
394 4883 544 4956 virtutem
565 4882 713 4954 ambiunt
729 4910 795 4955 non
818 4881 974 4981 permittit
993 4881 1152 4966 animam,
1172 4880 1220 4953 rel
1241 4909 1357 4966 unam,
1377 4881 1548 4981 cujuslibet
1565 4879 1708 4953 hominis
1727 4907 1780 4952 re·

268 5055 316 5111 lh'c
341 5056 445 5112 delenda
468 5077 521 5113 esse
549 5063 646 5150 ‘'i''
667 5056 765 5114 censuit
783 5056 874 5126 ily-el.
896 5055 956 5110 lloec
1028 5057 1131 5111 ⁸1⁴'orte
1149 5055 1246 5118 camis,
1260 5055 1318 5111 licet
1332 5057 1427 5112 «rs-b.-
1444 5055 1476 5110 de
1492 5055 1584 5110 abacia
1601 5055 1684 5130 potius
1702 5075 1778 5130 quam

207 5155 292 5203 autem
318 5148 391 5204 nobie
417 5151 566 5214 amantia,
586 5151 619 5207 ad
637 5169 736 5206 sensam
756 5149 828 5224 plene
847 5155 873 5203 et
890 5148 955 5202 dare
1029 5149 1061 5203 da
1084 5150 1131 5204 otr'o
1152 5157 1294 5223 usurpetur.
1316 5181 1355 5190 -
1372 5150 1384 5184 ⁸
1401 5151 1450 5204 Aut
1474 5149 1554 5202 οιιωζ
1574 5149 1624 5204 tlte
1646 5148 1716 5205 amn
1739 5149 1778 5205 lo-

208 5239 412 5316 exprimendum,
436 5241 560 5298 ridentur.
581 5275 619 5286 —-
642 5243 719 5298 'Hic
745 5241 809 5296 sorte
836 5240 956 5294 alluditur
1029 5241 1111 5314 gimuc
1126 5239 1333 5302 lna-‘Cir
1349 5239 1440 5296 Stobai
1455 5239 1624 5316 Florilegium,
1640 5241 1705 5297 titul.
1720 5259 1778 5304 mxx.

208 5333 247 5390 Ad
263 5335 424 5398 Calamus,
442 5354 463 5398 r,
485 5355 529 5397 ar,
547 5335 583 5390 rel
604 5336 641 5389 dd
659 5335 783 5408 Ephesios,
804 5353 836 5397 rr,
861 5337 903 5387 rs.
919 5363 954 5373 -·
1032 5334 1075 5386 ab.
