<?xml version="1.0" encoding="UTF-8"?>
<!DOCTYPE html PUBLIC "-//W3C//DTD XHTML 1.0 Transitional//EN"
    "http://www.w3.org/TR/xhtml1/DTD/xhtml1-transitional.dtd">
<html xmlns="http://www.w3.org/1999/xhtml" xml:lang="en" lang="en">
 <head>
  <title>
</title>
<meta http-equiv="Content-Type" content="text/html;charset=utf-8" />
  <meta name='ocr-system' content='tesseract 3.04.00' />
  <meta name='ocr-capabilities' content='ocr_page ocr_carea ocr_par ocr_line ocrx_word'/>
</head>
<body>
  <div class='ocr_page' id='page_1' title='image "./analectasacrasp03pitrgoog_0021.png"; bbox 0 0 3982 6082; ppageno 0'>
   <div class='ocr_carea' id='block_1_1' title="bbox 254 589 1220 662">
    <p class='ocr_par' dir='ltr' id='par_1_1' title="bbox 254 589 1220 662">
     <span class='ocr_line' id='line_1_1' title="bbox 254 589 1220 662; baseline -0.002 -2"><span class='ocrx_word' id='word_1_1' title='bbox 254 617 307 662; x_wconf 86' lang='grc' dir='ltr'>ιιιι</span> <span class='ocrx_word' id='word_1_2' title='bbox 868 589 1220 660; x_wconf 70' lang='lat' dir='ltr'>PROLEGOMENA.</span> 
     </span>
    </p>
   </div>
   <div class='ocr_carea' id='block_1_2' title="bbox 255 735 1834 2180">
    <p class='ocr_par' dir='ltr' id='par_1_2' title="bbox 255 735 1834 1204">
     <span class='ocr_line' id='line_1_2' title="bbox 256 735 1833 843; baseline 0 -27"><span class='ocrx_word' id='word_1_3' title='bbox 256 769 354 843; x_wconf 87' lang='lat' dir='ltr'><strong>opere</strong></span> <span class='ocrx_word' id='word_1_4' title='bbox 364 767 441 825; x_wconf 92' lang='lat' dir='ltr'><strong>sno,</strong></span> <span class='ocrx_word' id='word_1_5' title='bbox 453 741 505 812; x_wconf 90' lang='lat' dir='ltr'><strong>cui</strong></span> <span class='ocrx_word' id='word_1_6' title='bbox 517 739 654 814; x_wconf 89' lang='lat' dir='ltr'><strong>titulus:</strong></span> <span class='ocrx_word' id='word_1_7' title='bbox 671 740 823 840; x_wconf 68' lang='lat' dir='ltr'><strong>«Corpus</strong></span> <span class='ocrx_word' id='word_1_8' title='bbox 837 740 1043 839; x_wconf 86' lang='lat' dir='ltr'><strong>ignatianuur</strong></span> <span class='ocrx_word' id='word_1_9' title='bbox 1053 773 1081 812; x_wconf 77' lang='lat' dir='ltr'><strong>a.</strong></span> <span class='ocrx_word' id='word_1_10' title='bbox 1097 739 1216 814; x_wconf 87' lang='lat' dir='ltr'><strong>Verum</strong></span> <span class='ocrx_word' id='word_1_11' title='bbox 1230 766 1267 812; x_wconf 92' lang='lat' dir='ltr'><strong>ea</strong></span> <span class='ocrx_word' id='word_1_12' title='bbox 1281 738 1389 812; x_wconf 88' lang='lat' dir='ltr'><strong>denuo</strong></span> <span class='ocrx_word' id='word_1_13' title='bbox 1404 737 1501 816; x_wconf 86' lang='lat' dir='ltr'><strong>cdere</strong></span> <span class='ocrx_word' id='word_1_14' title='bbox 1514 735 1677 814; x_wconf 90' lang='lat' dir='ltr'><strong>noluimus</strong></span> <span class='ocrx_word' id='word_1_15' title='bbox 1691 739 1733 812; x_wconf 94' lang='lat' dir='ltr'><strong>ob</strong></span> <span class='ocrx_word' id='word_1_16' title='bbox 1747 738 1833 816; x_wconf 88' lang='lat' dir='ltr'><strong>hano</strong></span> 
     </span>
     <span class='ocr_line' id='line_1_3' title="bbox 255 858 1833 965; baseline 0.001 -29"><span class='ocrx_word' id='word_1_17' title='bbox 255 863 417 965; x_wconf 67' lang='lat' dir='ltr'><strong>praecipuo</strong></span> <span class='ocrx_word' id='word_1_18' title='bbox 435 888 566 934; x_wconf 89' lang='lat' dir='ltr'><strong>causam</strong></span> <span class='ocrx_word' id='word_1_19' title='bbox 582 858 671 962; x_wconf 93' lang='lat' dir='ltr'><strong>quod</strong></span> <span class='ocrx_word' id='word_1_20' title='bbox 688 860 878 963; x_wconf 85' lang='lat' dir='ltr'>propediem</span> <span class='ocrx_word' id='word_1_21' title='bbox 898 861 967 934; x_wconf 75' lang='lat' dir='ltr'><strong>haec</strong></span> <span class='ocrx_word' id='word_1_22' title='bbox 983 863 1166 960; x_wconf 85' lang='lat' dir='ltr'><strong>fragmenta</strong></span> <span class='ocrx_word' id='word_1_23' title='bbox 1179 861 1349 964; x_wconf 83' lang='lat' dir='ltr'><strong>proditura</strong></span> <span class='ocrx_word' id='word_1_24' title='bbox 1369 861 1434 934; x_wconf 87' lang='lat' dir='ltr'><strong>sint</strong></span> <span class='ocrx_word' id='word_1_25' title='bbox 1453 888 1526 934; x_wconf 84' lang='lat' dir='ltr'><strong>curn</strong></span> <span class='ocrx_word' id='word_1_26' title='bbox 1544 861 1671 960; x_wconf 88' lang='lat' dir='ltr'><strong>integra</strong></span> <span class='ocrx_word' id='word_1_27' title='bbox 1685 861 1833 937; x_wconf 76' lang='lat' dir='ltr'><strong>versione</strong></span> 
     </span>
     <span class='ocr_line' id='line_1_4' title="bbox 255 981 1834 1085; baseline 0 -27"><span class='ocrx_word' id='word_1_28' title='bbox 255 1012 328 1085; x_wconf 79' lang='lat' dir='ltr'><strong>syra</strong></span> <span class='ocrx_word' id='word_1_29' title='bbox 341 983 486 1083; x_wconf 89' lang='lat' dir='ltr'><strong>ejusdcm</strong></span> <span class='ocrx_word' id='word_1_30' title='bbox 502 983 645 1084; x_wconf 78' lang='lat' dir='ltr'><strong>epistola</strong></span> <span class='ocrx_word' id='word_1_31' title='bbox 661 983 703 1056; x_wconf 93' lang='lat' dir='ltr'><strong>ad</strong></span> <span class='ocrx_word' id='word_1_32' title='bbox 718 982 913 1056; x_wconf 85' lang='lat' dir='ltr'><strong>Corinthios.</strong></span> <span class='ocrx_word' id='word_1_33' title='bbox 928 982 974 1056; x_wconf 80' lang='lat' dir='ltr'><strong>Ea</strong></span> <span class='ocrx_word' id='word_1_34' title='bbox 989 987 1076 1056; x_wconf 88' lang='lat' dir='ltr'><strong>enim</strong></span> <span class='ocrx_word' id='word_1_35' title='bbox 1091 983 1238 1057; x_wconf 75' lang='lat' dir='ltr'>editurus</span> <span class='ocrx_word' id='word_1_36' title='bbox 1253 997 1301 1058; x_wconf 85' lang='lat' dir='ltr'><strong>est</strong></span> <span class='ocrx_word' id='word_1_37' title='bbox 1312 982 1359 1055; x_wconf 83' lang='lat' dir='ltr'><strong>vir</strong></span> <span class='ocrx_word' id='word_1_38' title='bbox 1374 982 1415 1055; x_wconf 91' lang='lat' dir='ltr'><strong>de</strong></span> <span class='ocrx_word' id='word_1_39' title='bbox 1429 982 1543 1056; x_wconf 84' lang='lat' dir='ltr'><strong>littaris</strong></span> <span class='ocrx_word' id='word_1_40' title='bbox 1554 981 1718 1084; x_wconf 86' lang='lat' dir='ltr'><strong>jambene</strong></span> <span class='ocrx_word' id='word_1_41' title='bbox 1732 985 1834 1058; x_wconf 87' lang='lat' dir='ltr'><strong>meri-</strong></span> 
     </span>
     <span class='ocr_line' id='line_1_5' title="bbox 256 1103 1590 1204; baseline 0 -24"><span class='ocrx_word' id='word_1_42' title='bbox 256 1121 309 1180; x_wconf 90' lang='lat' dir='ltr'><strong>tus</strong></span> <span class='ocrx_word' id='word_1_43' title='bbox 326 1107 364 1179; x_wconf 86' lang='lat' dir='ltr'><strong>R.</strong></span> <span class='ocrx_word' id='word_1_44' title='bbox 384 1106 425 1180; x_wconf 89' lang='lat' dir='ltr'><strong>H.</strong></span> <span class='ocrx_word' id='word_1_45' title='bbox 445 1106 629 1190; x_wconf 79' lang='lat' dir='ltr'><strong>bensletus,</strong></span> <span class='ocrx_word' id='word_1_46' title='bbox 648 1104 856 1179; x_wconf 80' lang='lat' dir='ltr'><strong>bibliothecae</strong></span> <span class='ocrx_word' id='word_1_47' title='bbox 876 1104 1096 1178; x_wconf 80' lang='lat' dir='ltr'><strong>Universitatis</strong></span> <span class='ocrx_word' id='word_1_48' title='bbox 1113 1103 1387 1204; x_wconf 74' lang='lat' dir='ltr'><strong>cantabrigiensis</strong></span> <span class='ocrx_word' id='word_1_49' title='bbox 1405 1103 1590 1180; x_wconf 88' lang='lat' dir='ltr'><strong>librarius¹.</strong></span> 
     </span>
    </p>

    <p class='ocr_par' dir='ltr' id='par_1_3' title="bbox 256 1225 1834 2180">
     <span class='ocr_line' id='line_1_6' title="bbox 307 1225 1834 1328; baseline -0.001 -27"><span class='ocrx_word' id='word_1_50' title='bbox 307 1229 385 1302; x_wconf 90' lang='lat' dir='ltr'><strong>Post</strong></span> <span class='ocrx_word' id='word_1_51' title='bbox 405 1227 492 1300; x_wconf 91' lang='lat' dir='ltr'><strong>enim</strong></span> <span class='ocrx_word' id='word_1_52' title='bbox 506 1227 535 1300; x_wconf 85' lang='lat' dir='ltr'><strong>J.</strong></span> <span class='ocrx_word' id='word_1_53' title='bbox 551 1227 674 1302; x_wconf 90' lang='lat' dir='ltr'><strong>Barber</strong></span> <span class='ocrx_word' id='word_1_54' title='bbox 688 1226 868 1325; x_wconf 84' lang='lat' dir='ltr'><strong>Lightloot,</strong></span> <span class='ocrx_word' id='word_1_55' title='bbox 881 1226 1024 1328; x_wconf 78' lang='lat' dir='ltr'><strong>episcopi</strong></span> <span class='ocrx_word' id='word_1_56' title='bbox 1040 1226 1269 1300; x_wconf 87' lang='lat' dir='ltr'><strong>Dunelmensis</strong></span> <span class='ocrx_word' id='word_1_57' title='bbox 1281 1226 1316 1298; x_wconf 94' lang='lat' dir='ltr'><strong>in</strong></span> <span class='ocrx_word' id='word_1_58' title='bbox 1329 1225 1477 1324; x_wconf 48' lang='lat' dir='ltr'><strong>Angliat</strong></span> <span class='ocrx_word' id='word_1_59' title='bbox 1494 1226 1700 1327; x_wconf 85' lang='lat' dir='ltr'><strong>aliorumque</strong></span> <span class='ocrx_word' id='word_1_60' title='bbox 1720 1252 1834 1300; x_wconf 90' lang='lat' dir='ltr'><strong>recen·</strong></span> 
     </span>
     <span class='ocr_line' id='line_1_7' title="bbox 256 1346 1832 1450; baseline -0.003 -24"><span class='ocrx_word' id='word_1_61' title='bbox 256 1348 379 1426; x_wconf 90' lang='lat' dir='ltr'><strong>tissima</strong></span> <span class='ocrx_word' id='word_1_62' title='bbox 404 1375 520 1449; x_wconf 89' lang='lat' dir='ltr'><strong>opera,</strong></span> <span class='ocrx_word' id='word_1_63' title='bbox 539 1375 652 1422; x_wconf 90' lang='lat' dir='ltr'><strong>omnes</strong></span> <span class='ocrx_word' id='word_1_64' title='bbox 679 1347 738 1422; x_wconf 87' lang='lat' dir='ltr'><strong>viri</strong></span> <span class='ocrx_word' id='word_1_65' title='bbox 760 1346 847 1423; x_wconf 92' lang='lat' dir='ltr'><strong>docti</strong></span> <span class='ocrx_word' id='word_1_66' title='bbox 868 1351 939 1448; x_wconf 82' lang='lat' dir='ltr'><strong>jam</strong></span> <span class='ocrx_word' id='word_1_67' title='bbox 962 1361 1085 1422; x_wconf 90' lang='lat' dir='ltr'><strong>norunt</strong></span> <span class='ocrx_word' id='word_1_68' title='bbox 1103 1375 1169 1449; x_wconf 95' lang='lat' dir='ltr'><strong>quo</strong></span> <span class='ocrx_word' id='word_1_69' title='bbox 1194 1347 1292 1450; x_wconf 80' lang='lat' dir='ltr'><strong>modo</strong></span> <span class='ocrx_word' id='word_1_70' title='bbox 1313 1348 1435 1421; x_wconf 88' lang='lat' dir='ltr'><strong>lactum</strong></span> <span class='ocrx_word' id='word_1_71' title='bbox 1457 1346 1499 1422; x_wconf 91' lang='lat' dir='ltr'><strong>sit</strong></span> <span class='ocrx_word' id='word_1_72' title='bbox 1520 1361 1558 1422; x_wconf 94' lang='lat' dir='ltr'><strong>ut</strong></span> <span class='ocrx_word' id='word_1_73' title='bbox 1582 1347 1680 1424; x_wconf 83' lang='lat' dir='ltr'><strong>codex</strong></span> <span class='ocrx_word' id='word_1_74' title='bbox 1704 1347 1740 1420; x_wconf 91' lang='lat' dir='ltr'><strong>in</strong></span> <span class='ocrx_word' id='word_1_75' title='bbox 1763 1375 1832 1449; x_wconf 93' lang='lat' dir='ltr'><strong>quo</strong></span> 
     </span>
     <span class='ocr_line' id='line_1_8' title="bbox 256 1468 1834 1572; baseline 0.001 -29"><span class='ocrx_word' id='word_1_76' title='bbox 256 1471 375 1572; x_wconf 87' lang='lat' dir='ltr'><strong>prioris</strong></span> <span class='ocrx_word' id='word_1_77' title='bbox 400 1469 543 1570; x_wconf 74' lang='lat' dir='ltr'><strong>epistolas</strong></span> <span class='ocrx_word' id='word_1_78' title='bbox 565 1470 667 1543; x_wconf 89' lang='lat' dir='ltr'><strong>sancti</strong></span> <span class='ocrx_word' id='word_1_79' title='bbox 689 1468 865 1543; x_wconf 89' lang='lat' dir='ltr'><strong>Clementis</strong></span> <span class='ocrx_word' id='word_1_80' title='bbox 885 1469 928 1542; x_wconf 89' lang='lat' dir='ltr'><strong>ad</strong></span> <span class='ocrx_word' id='word_1_81' title='bbox 946 1469 1131 1542; x_wconf 84' lang='lat' dir='ltr'><strong>Corinthios</strong></span> <span class='ocrx_word' id='word_1_82' title='bbox 1150 1469 1274 1569; x_wconf 89' lang='lat' dir='ltr'><strong>integra</strong></span> <span class='ocrx_word' id='word_1_83' title='bbox 1297 1469 1399 1544; x_wconf 86' lang='lat' dir='ltr'><strong>versio</strong></span> <span class='ocrx_word' id='word_1_84' title='bbox 1423 1497 1494 1570; x_wconf 72' lang='lat' dir='ltr'><strong>syra</strong></span> <span class='ocrx_word' id='word_1_85' title='bbox 1512 1469 1650 1556; x_wconf 89' lang='lat' dir='ltr'><strong>latebat,</strong></span> <span class='ocrx_word' id='word_1_86' title='bbox 1670 1469 1834 1567; x_wconf 84' lang='lat' dir='ltr'><strong>migrare-</strong></span> 
     </span>
     <span class='ocr_line' id='line_1_9' title="bbox 256 1590 1833 1693; baseline -0.001 -27"><span class='ocrx_word' id='word_1_87' title='bbox 256 1593 316 1675; x_wconf 85' lang='lat' dir='ltr'><strong>rit,</strong></span> <span class='ocrx_word' id='word_1_88' title='bbox 333 1605 407 1693; x_wconf 89' lang='lat' dir='ltr'><strong>post</strong></span> <span class='ocrx_word' id='word_1_89' title='bbox 433 1605 570 1666; x_wconf 89' lang='lat' dir='ltr'><strong>mortem</strong></span> <span class='ocrx_word' id='word_1_90' title='bbox 592 1590 801 1665; x_wconf 88' lang='lat' dir='ltr'><strong>illustrissimi</strong></span> <span class='ocrx_word' id='word_1_91' title='bbox 821 1591 881 1664; x_wconf 89' lang='lat' dir='ltr'><strong>viri</strong></span> <span class='ocrx_word' id='word_1_92' title='bbox 906 1590 984 1664; x_wconf 84' lang='lat' dir='ltr'><strong>tulii</strong></span> <span class='ocrx_word' id='word_1_93' title='bbox 1009 1591 1117 1677; x_wconf 89' lang='lat' dir='ltr'><strong>blohl,</strong></span> <span class='ocrx_word' id='word_1_94' title='bbox 1135 1591 1266 1666; x_wconf 88' lang='lat' dir='ltr'><strong>Parisiis</strong></span> <span class='ocrx_word' id='word_1_95' title='bbox 1284 1590 1543 1690; x_wconf 72' lang='lat' dir='ltr'><strong>cantabrigiam,</strong></span> <span class='ocrx_word' id='word_1_96' title='bbox 1563 1591 1675 1691; x_wconf 87' lang='lat' dir='ltr'><strong>ibique</strong></span> <span class='ocrx_word' id='word_1_97' title='bbox 1693 1617 1833 1665; x_wconf 85' lang='lat' dir='ltr'><strong>asserve-</strong></span> 
     </span>
     <span class='ocr_line' id='line_1_10' title="bbox 258 1711 1832 1813; baseline 0 -27"><span class='ocrx_word' id='word_1_98' title='bbox 258 1727 311 1786; x_wconf 90' lang='lat' dir='ltr'><strong>tur</strong></span> <span class='ocrx_word' id='word_1_99' title='bbox 330 1713 366 1786; x_wconf 91' lang='lat' dir='ltr'><strong>in</strong></span> <span class='ocrx_word' id='word_1_100' title='bbox 385 1712 583 1788; x_wconf 82' lang='lat' dir='ltr'><strong>bibliotheca</strong></span> <span class='ocrx_word' id='word_1_101' title='bbox 604 1712 734 1812; x_wconf 86' lang='lat' dir='ltr'><strong>collegii</strong></span> <span class='ocrx_word' id='word_1_102' title='bbox 757 1713 815 1787; x_wconf 83' lang='lat' dir='ltr'><strong>SS.</strong></span> <span class='ocrx_word' id='word_1_103' title='bbox 839 1711 1018 1786; x_wconf 88' lang='lat' dir='ltr'><strong>Trinitatis.</strong></span> <span class='ocrx_word' id='word_1_104' title='bbox 1034 1711 1228 1786; x_wconf 86' lang='lat' dir='ltr'><strong>Praeclarum</strong></span> <span class='ocrx_word' id='word_1_105' title='bbox 1252 1713 1317 1786; x_wconf 91' lang='lat' dir='ltr'><strong>hoc</strong></span> <span class='ocrx_word' id='word_1_106' title='bbox 1340 1712 1543 1813; x_wconf 84' lang='lat' dir='ltr'><strong>antiquitatis</strong></span> <span class='ocrx_word' id='word_1_107' title='bbox 1563 1725 1832 1797; x_wconf 84' lang='lat' dir='ltr'><strong>monumentum,</strong></span> 
     </span>
     <span class='ocr_line' id='line_1_11' title="bbox 258 1831 1834 1936; baseline 0.001 -29"><span class='ocrx_word' id='word_1_108' title='bbox 258 1834 355 1908; x_wconf 89' lang='lat' dir='ltr'><strong>etiam</strong></span> <span class='ocrx_word' id='word_1_109' title='bbox 381 1848 455 1936; x_wconf 87' lang='lat' dir='ltr'><strong>post</strong></span> <span class='ocrx_word' id='word_1_110' title='bbox 476 1849 641 1936; x_wconf 88' lang='lat' dir='ltr'><strong>repertum</strong></span> <span class='ocrx_word' id='word_1_111' title='bbox 665 1834 820 1935; x_wconf 75' lang='lat' dir='ltr'><strong>Bryennii</strong></span> <span class='ocrx_word' id='word_1_112' title='bbox 844 1835 1006 1919; x_wconf 87' lang='lat' dir='ltr'><strong>codicem,</strong></span> <span class='ocrx_word' id='word_1_113' title='bbox 1024 1835 1120 1910; x_wconf 87' lang='lat' dir='ltr'><strong>cdere</strong></span> <span class='ocrx_word' id='word_1_114' title='bbox 1141 1834 1175 1906; x_wconf 94' lang='lat' dir='ltr'><strong>in</strong></span> <span class='ocrx_word' id='word_1_115' title='bbox 1202 1834 1283 1908; x_wconf 86' lang='lat' dir='ltr'><strong>votis</strong></span> <span class='ocrx_word' id='word_1_116' title='bbox 1302 1847 1382 1908; x_wconf 85' lang='lat' dir='ltr'><strong>erat.</strong></span> <span class='ocrx_word' id='word_1_117' title='bbox 1404 1831 1463 1919; x_wconf 61' lang='lat' dir='ltr'><strong>Au</strong></span> <span class='ocrx_word' id='word_1_118' title='bbox 1480 1861 1582 1935; x_wconf 91' lang='lat' dir='ltr'><strong>quum</strong></span> <span class='ocrx_word' id='word_1_119' title='bbox 1607 1833 1708 1906; x_wconf 87' lang='lat' dir='ltr'><strong>semel</strong></span> <span class='ocrx_word' id='word_1_120' title='bbox 1734 1846 1834 1934; x_wconf 88' lang='lat' dir='ltr'><strong>atque</strong></span> 
     </span>
     <span class='ocr_line' id='line_1_12' title="bbox 257 1953 1834 2059; baseline 0 -31"><span class='ocrx_word' id='word_1_121' title='bbox 257 1957 376 2030; x_wconf 90' lang='lat' dir='ltr'><strong>iterum</strong></span> <span class='ocrx_word' id='word_1_122' title='bbox 394 1957 538 2059; x_wconf 88' lang='lat' dir='ltr'><strong>epistolis</strong></span> <span class='ocrx_word' id='word_1_123' title='bbox 558 1970 700 2032; x_wconf 86' lang='lat' dir='ltr'><strong>tentatus</strong></span> <span class='ocrx_word' id='word_1_124' title='bbox 717 1955 922 2058; x_wconf 87' lang='lat' dir='ltr'><strong>responderit</strong></span> <span class='ocrx_word' id='word_1_125' title='bbox 934 1957 972 2031; x_wconf 85' lang='lat' dir='ltr'><strong>u.</strong></span> <span class='ocrx_word' id='word_1_126' title='bbox 987 1957 1029 2030; x_wconf 89' lang='lat' dir='ltr'><strong>H.</strong></span> <span class='ocrx_word' id='word_1_127' title='bbox 1044 1956 1212 2032; x_wconf 81' lang='lat' dir='ltr'><strong>beuslctus</strong></span> <span class='ocrx_word' id='word_1_128' title='bbox 1227 1983 1245 2028; x_wconf 92' lang='lat' dir='ltr'><strong>a</strong></span> <span class='ocrx_word' id='word_1_129' title='bbox 1263 1985 1297 2030; x_wconf 88' lang='lat' dir='ltr'><strong>se</strong></span> <span class='ocrx_word' id='word_1_130' title='bbox 1310 1956 1435 2030; x_wconf 91' lang='lat' dir='ltr'><strong>dudum</strong></span> <span class='ocrx_word' id='word_1_131' title='bbox 1454 1954 1544 2056; x_wconf 90' lang='lat' dir='ltr'><strong>operi</strong></span> <span class='ocrx_word' id='word_1_132' title='bbox 1561 1981 1696 2028; x_wconf 90' lang='lat' dir='ltr'><strong>manum</strong></span> <span class='ocrx_word' id='word_1_133' title='bbox 1714 1953 1834 2028; x_wconf 84' lang='lat' dir='ltr'><strong>aduro-</strong></span> 
     </span>
     <span class='ocr_line' id='line_1_13' title="bbox 257 2077 944 2180; baseline -0.003 -28"><span class='ocrx_word' id='word_1_134' title='bbox 257 2090 322 2152; x_wconf 89' lang='lat' dir='ltr'><strong>tam</strong></span> <span class='ocrx_word' id='word_1_135' title='bbox 341 2077 458 2164; x_wconf 87' lang='lat' dir='ltr'><strong>luisse,</strong></span> <span class='ocrx_word' id='word_1_136' title='bbox 476 2093 548 2152; x_wconf 85' lang='lat' dir='ltr'><strong>rota</strong></span> <span class='ocrx_word' id='word_1_137' title='bbox 568 2105 771 2180; x_wconf 88' lang='lat' dir='ltr'><strong>compescere</strong></span> <span class='ocrx_word' id='word_1_138' title='bbox 789 2079 944 2177; x_wconf 90' lang='lat' dir='ltr'><strong>oportuit.</strong></span> 
     </span>
    </p>
   </div>
   <div class='ocr_carea' id='block_1_3' title="bbox 1016 2346 1072 2416">
    <p class='ocr_par' dir='ltr' id='par_1_4' title="bbox 1016 2346 1072 2416">
     <span class='ocr_line' id='line_1_14' title="bbox 1016 2346 1072 2416; baseline 0.018 -1"><span class='ocrx_word' id='word_1_139' title='bbox 1016 2346 1072 2416; x_wconf 95' lang='lat' dir='ltr'><strong>lll</strong></span> 
     </span>
    </p>
   </div>
   <div class='ocr_carea' id='block_1_4' title="bbox 255 2549 1833 3020">
    <p class='ocr_par' dir='ltr' id='par_1_5' title="bbox 255 2549 1833 3020">
     <span class='ocr_line' id='line_1_15' title="bbox 309 2549 1832 2654; baseline -0.003 -28"><span class='ocrx_word' id='word_1_140' title='bbox 309 2552 419 2626; x_wconf 79' lang='lat' dir='ltr'><strong>Tertio</strong></span> <span class='ocrx_word' id='word_1_141' title='bbox 437 2552 509 2625; x_wconf 92' lang='lat' dir='ltr'><strong>loco</strong></span> <span class='ocrx_word' id='word_1_142' title='bbox 528 2550 652 2626; x_wconf 90' lang='lat' dir='ltr'><strong>accedit</strong></span> <span class='ocrx_word' id='word_1_143' title='bbox 677 2563 807 2622; x_wconf 88' lang='lat' dir='ltr'><strong>sanctus</strong></span> <span class='ocrx_word' id='word_1_144' title='bbox 827 2549 987 2650; x_wconf 87' lang='lat' dir='ltr'><strong>ignatius,</strong></span> <span class='ocrx_word' id='word_1_145' title='bbox 1006 2549 1177 2654; x_wconf 86' lang='lat' dir='ltr'><strong>episcopus</strong></span> <span class='ocrx_word' id='word_1_146' title='bbox 1194 2562 1227 2624; x_wconf 89' lang='lat' dir='ltr'><strong>et</strong></span> <span class='ocrx_word' id='word_1_147' title='bbox 1243 2561 1375 2650; x_wconf 75' lang='lat' dir='ltr'><strong>martyr,</strong></span> <span class='ocrx_word' id='word_1_148' title='bbox 1391 2552 1484 2651; x_wconf 83' lang='lat' dir='ltr'><strong>cujus</strong></span> <span class='ocrx_word' id='word_1_149' title='bbox 1501 2549 1632 2650; x_wconf 88' lang='lat' dir='ltr'><strong>egregia</strong></span> <span class='ocrx_word' id='word_1_150' title='bbox 1655 2549 1721 2624; x_wconf 92' lang='lat' dir='ltr'><strong>duo</strong></span> <span class='ocrx_word' id='word_1_151' title='bbox 1741 2549 1832 2648; x_wconf 86' lang='lat' dir='ltr'><strong>irog-</strong></span> 
     </span>
     <span class='ocr_line' id='line_1_16' title="bbox 255 2669 1833 2776; baseline -0.003 -28"><span class='ocrx_word' id='word_1_152' title='bbox 255 2689 366 2749; x_wconf 89' lang='lat' dir='ltr'><strong>menta</strong></span> <span class='ocrx_word' id='word_1_153' title='bbox 384 2673 595 2776; x_wconf 88' lang='lat' dir='ltr'><strong>epistolarum</strong></span> <span class='ocrx_word' id='word_1_154' title='bbox 612 2671 654 2747; x_wconf 95' lang='lat' dir='ltr'><strong>ad</strong></span> <span class='ocrx_word' id='word_1_155' title='bbox 671 2671 837 2745; x_wconf 88' lang='lat' dir='ltr'><strong>Heronem</strong></span> <span class='ocrx_word' id='word_1_156' title='bbox 858 2670 947 2745; x_wconf 91' lang='lat' dir='ltr'><strong>etad</strong></span> <span class='ocrx_word' id='word_1_157' title='bbox 969 2673 1152 2771; x_wconf 77' lang='lat' dir='ltr'><strong>Smyrnaeos</strong></span> <span class='ocrx_word' id='word_1_158' title='bbox 1169 2669 1204 2744; x_wconf 91' lang='lat' dir='ltr'><strong>in</strong></span> <span class='ocrx_word' id='word_1_159' title='bbox 1222 2671 1419 2744; x_wconf 84' lang='lat' dir='ltr'><strong>membranis</strong></span> <span class='ocrx_word' id='word_1_160' title='bbox 1441 2672 1710 2773; x_wconf 88' lang='lat' dir='ltr'><strong>copto-thebaicis</strong></span> <span class='ocrx_word' id='word_1_161' title='bbox 1726 2671 1833 2746; x_wconf 87' lang='lat' dir='ltr'><strong>blusei</strong></span> 
     </span>
     <span class='ocr_line' id='line_1_17' title="bbox 256 2791 1831 2896; baseline -0.003 -26"><span class='ocrx_word' id='word_1_162' title='bbox 256 2796 409 2896; x_wconf 83' lang='lat' dir='ltr'><strong>borgiani</strong></span> <span class='ocrx_word' id='word_1_163' title='bbox 424 2794 656 2869; x_wconf 75' lang='lat' dir='ltr'><strong>veliternensis</strong></span> <span class='ocrx_word' id='word_1_164' title='bbox 674 2821 692 2866; x_wconf 91' lang='lat' dir='ltr'><strong>a</strong></span> <span class='ocrx_word' id='word_1_165' title='bbox 712 2792 976 2868; x_wconf 85' lang='lat' dir='ltr'><strong>reverendissimo</strong></span> <span class='ocrx_word' id='word_1_166' title='bbox 993 2807 1087 2894; x_wconf 87' lang='lat' dir='ltr'><strong>patro</strong></span> <span class='ocrx_word' id='word_1_167' title='bbox 1103 2792 1285 2892; x_wconf 79' lang='lat' dir='ltr'><strong>Augustino</strong></span> <span class='ocrx_word' id='word_1_168' title='bbox 1300 2791 1427 2874; x_wconf 83' lang='lat' dir='ltr'><strong>Ciasca,</strong></span> <span class='ocrx_word' id='word_1_169' title='bbox 1442 2792 1686 2892; x_wconf 80' lang='lat' dir='ltr'><strong>Augustiuinuae</strong></span> <span class='ocrx_word' id='word_1_170' title='bbox 1698 2793 1831 2866; x_wconf 75' lang='lat' dir='ltr'><strong>familias</strong></span> 
     </span>
     <span class='ocr_line' id='line_1_18' title="bbox 255 2912 1831 3020; baseline -0.003 -29"><span class='ocrx_word' id='word_1_171' title='bbox 255 2918 375 3004; x_wconf 88' lang='lat' dir='ltr'><strong>sodali,</strong></span> <span class='ocrx_word' id='word_1_172' title='bbox 397 2930 540 3020; x_wconf 86' lang='lat' dir='ltr'><strong>reperta,</strong></span> <span class='ocrx_word' id='word_1_173' title='bbox 559 2915 817 3016; x_wconf 87' lang='lat' dir='ltr'><strong>copto-thebaica</strong></span> <span class='ocrx_word' id='word_1_174' title='bbox 834 2913 885 3018; x_wconf 86' lang='lat' dir='ltr'><strong>(p.</strong></span> <span class='ocrx_word' id='word_1_175' title='bbox 905 2912 1091 3017; x_wconf 77' lang='lat' dir='ltr'><strong>abb-257)</strong></span> <span class='ocrx_word' id='word_1_176' title='bbox 1105 2929 1137 2988; x_wconf 92' lang='lat' dir='ltr'><strong>et</strong></span> <span class='ocrx_word' id='word_1_177' title='bbox 1151 2914 1250 2988; x_wconf 91' lang='lat' dir='ltr'><strong>latine</strong></span> <span class='ocrx_word' id='word_1_178' title='bbox 1264 2913 1313 3016; x_wconf 91' lang='lat' dir='ltr'><strong>(p.</strong></span> <span class='ocrx_word' id='word_1_179' title='bbox 1336 2912 1520 3016; x_wconf 74' lang='lat'><strong>277-280)</strong></span> <span class='ocrx_word' id='word_1_180' title='bbox 1535 2914 1707 3001; x_wconf 88' lang='lat' dir='ltr'><strong>adornata,</strong></span> <span class='ocrx_word' id='word_1_181' title='bbox 1723 2914 1831 3016; x_wconf 90' lang='lat' dir='ltr'><strong>prima</strong></span> 
     </span>
    </p>
   </div>
   <div class='ocr_carea' id='block_1_5' title="bbox 255 3034 1835 4232">
    <p class='ocr_par' dir='ltr' id='par_1_6' title="bbox 255 3034 1834 3869">
     <span class='ocr_line' id='line_1_19' title="bbox 255 3034 1831 3139; baseline -0.003 -28"><span class='ocrx_word' id='word_1_182' title='bbox 255 3039 323 3112; x_wconf 82' lang='lat' dir='ltr'><strong>ricc</strong></span> <span class='ocrx_word' id='word_1_183' title='bbox 340 3038 515 3139; x_wconf 89' lang='lat' dir='ltr'><strong>prodeunt.</strong></span> <span class='ocrx_word' id='word_1_184' title='bbox 533 3037 624 3122; x_wconf 76' lang='lat' dir='ltr'><strong>Huc,</strong></span> <span class='ocrx_word' id='word_1_185' title='bbox 641 3037 756 3138; x_wconf 87' lang='lat' dir='ltr'><strong>quanti</strong></span> <span class='ocrx_word' id='word_1_186' title='bbox 774 3035 922 3111; x_wconf 86' lang='lat' dir='ltr'><strong>iacienda</strong></span> <span class='ocrx_word' id='word_1_187' title='bbox 940 3035 1004 3108; x_wconf 85' lang='lat' dir='ltr'><strong>sint</strong></span> <span class='ocrx_word' id='word_1_188' title='bbox 1018 3050 1141 3110; x_wconf 91' lang='lat' dir='ltr'><strong>norunt</strong></span> <span class='ocrx_word' id='word_1_189' title='bbox 1158 3062 1271 3110; x_wconf 89' lang='lat' dir='ltr'><strong>onmes</strong></span> <span class='ocrx_word' id='word_1_190' title='bbox 1289 3035 1346 3135; x_wconf 93' lang='lat' dir='ltr'><strong>qui</strong></span> <span class='ocrx_word' id='word_1_191' title='bbox 1364 3034 1586 3109; x_wconf 77' lang='lat' dir='ltr'><strong>controversiae</strong></span> <span class='ocrx_word' id='word_1_192' title='bbox 1603 3035 1644 3108; x_wconf 87' lang='lat' dir='ltr'><strong>dc</strong></span> <span class='ocrx_word' id='word_1_193' title='bbox 1662 3035 1831 3108; x_wconf 90' lang='lat' dir='ltr'><strong>authenti-</strong></span> 
     </span>
     <span class='ocr_line' id='line_1_20' title="bbox 255 3154 1833 3260; baseline -0.003 -29"><span class='ocrx_word' id='word_1_194' title='bbox 255 3159 351 3234; x_wconf 89' lang='lat' dir='ltr'><strong>citate</strong></span> <span class='ocrx_word' id='word_1_195' title='bbox 369 3161 404 3234; x_wconf 91' lang='lat' dir='ltr'><strong>S.</strong></span> <span class='ocrx_word' id='word_1_196' title='bbox 420 3159 537 3259; x_wconf 87' lang='lat' dir='ltr'><strong>lgnatii</strong></span> <span class='ocrx_word' id='word_1_197' title='bbox 556 3159 765 3260; x_wconf 90' lang='lat' dir='ltr'><strong>epistolarum</strong></span> <span class='ocrx_word' id='word_1_198' title='bbox 781 3158 870 3232; x_wconf 88' lang='lat' dir='ltr'><strong>hisce</strong></span> <span class='ocrx_word' id='word_1_199' title='bbox 888 3157 1020 3258; x_wconf 88' lang='lat' dir='ltr'><strong>triginta</strong></span> <span class='ocrx_word' id='word_1_200' title='bbox 1037 3157 1132 3230; x_wconf 89' lang='lat' dir='ltr'><strong>annis</strong></span> <span class='ocrx_word' id='word_1_201' title='bbox 1148 3156 1293 3258; x_wconf 83' lang='lat' dir='ltr'><strong>proxime</strong></span> <span class='ocrx_word' id='word_1_202' title='bbox 1311 3155 1429 3256; x_wconf 86' lang='lat' dir='ltr'><strong>elapsis</strong></span> <span class='ocrx_word' id='word_1_203' title='bbox 1444 3154 1539 3230; x_wconf 90' lang='lat' dir='ltr'><strong>toties</strong></span> <span class='ocrx_word' id='word_1_204' title='bbox 1557 3168 1589 3227; x_wconf 84' lang='lat' dir='ltr'><strong>et</strong></span> <span class='ocrx_word' id='word_1_205' title='bbox 1605 3181 1625 3226; x_wconf 90' lang='lat' dir='ltr'><strong>a</strong></span> <span class='ocrx_word' id='word_1_206' title='bbox 1643 3155 1741 3228; x_wconf 87' lang='lat' dir='ltr'><strong>tantia</strong></span> <span class='ocrx_word' id='word_1_207' title='bbox 1756 3154 1833 3227; x_wconf 89' lang='lat' dir='ltr'><strong>viris</strong></span> 
     </span>
     <span class='ocr_line' id='line_1_21' title="bbox 255 3277 1834 3384; baseline -0.006 -27"><span class='ocrx_word' id='word_1_208' title='bbox 255 3282 415 3357; x_wconf 76' lang='lat' dir='ltr'><strong>ventilatae</strong></span> <span class='ocrx_word' id='word_1_209' title='bbox 437 3281 656 3356; x_wconf 88' lang='lat' dir='ltr'><strong>attenderunt.</strong></span> <span class='ocrx_word' id='word_1_210' title='bbox 673 3281 786 3384; x_wconf 84' lang='lat' dir='ltr'><strong>Neque</strong></span> <span class='ocrx_word' id='word_1_211' title='bbox 807 3281 914 3354; x_wconf 91' lang='lat' dir='ltr'><strong>adhuc</strong></span> <span class='ocrx_word' id='word_1_212' title='bbox 939 3281 1133 3380; x_wconf 87' lang='lat' dir='ltr'><strong>diremptam</strong></span> <span class='ocrx_word' id='word_1_213' title='bbox 1155 3305 1224 3352; x_wconf 86' lang='lat' dir='ltr'><strong>csse</strong></span> <span class='ocrx_word' id='word_1_214' title='bbox 1244 3279 1335 3351; x_wconf 91' lang='lat' dir='ltr'><strong>litem</strong></span> <span class='ocrx_word' id='word_1_215' title='bbox 1359 3277 1466 3352; x_wconf 87' lang='lat' dir='ltr'><strong>dicere</strong></span> <span class='ocrx_word' id='word_1_216' title='bbox 1489 3277 1538 3349; x_wconf 86' lang='lat' dir='ltr'><strong>las</strong></span> <span class='ocrx_word' id='word_1_217' title='bbox 1562 3288 1634 3348; x_wconf 87' lang='lat' dir='ltr'><strong>est:</strong></span> <span class='ocrx_word' id='word_1_218' title='bbox 1659 3301 1735 3348; x_wconf 88' lang='lat' dir='ltr'><strong>nam</strong></span> <span class='ocrx_word' id='word_1_219' title='bbox 1760 3290 1834 3376; x_wconf 89' lang='lat' dir='ltr'><strong>post</strong></span> 
     </span>
     <span class='ocr_line' id='line_1_22' title="bbox 256 3395 1831 3490; baseline -0.006 -14"><span class='ocrx_word' id='word_1_220' title='bbox 256 3403 440 3490; x_wconf 90' lang='lat' dir='ltr'><strong>Curetonii,</strong></span> <span class='ocrx_word' id='word_1_221' title='bbox 454 3404 627 3489; x_wconf 90' lang='lat' dir='ltr'><strong>Bunsenii‚</strong></span> <span class='ocrx_word' id='word_1_222' title='bbox 639 3401 864 3485; x_wconf 86' lang='lat' dir='ltr'><strong>Patermanni,</strong></span> <span class='ocrx_word' id='word_1_223' title='bbox 878 3401 1007 3484; x_wconf 81' lang='lat' dir='ltr'><strong>Helela,</strong></span> <span class='ocrx_word' id='word_1_224' title='bbox 1017 3399 1145 3485; x_wconf 89' lang='lat' dir='ltr'><strong>Mcrxii,</strong></span> <span class='ocrx_word' id='word_1_225' title='bbox 1157 3398 1291 3484; x_wconf 87' lang='lat' dir='ltr'><strong>Funlxii,</strong></span> <span class='ocrx_word' id='word_1_226' title='bbox 1303 3395 1483 3482; x_wconf 90' lang='lat' dir='ltr'><strong>Gebhardi,</strong></span> <span class='ocrx_word' id='word_1_227' title='bbox 1498 3395 1686 3482; x_wconf 85' lang='lat' dir='ltr'><strong>Haruaclxii,</strong></span> <span class='ocrx_word' id='word_1_228' title='bbox 1698 3395 1831 3480; x_wconf 87' lang='lat' dir='ltr'><strong>Zahnii,</strong></span> 
     </span>
     <span class='ocr_line' id='line_1_23' title="bbox 257 3515 1831 3628; baseline -0.006 -30"><span class='ocrx_word' id='word_1_229' title='bbox 257 3525 462 3628; x_wconf 86' lang='lat' dir='ltr'><strong>aliorumque</strong></span> <span class='ocrx_word' id='word_1_230' title='bbox 472 3525 616 3610; x_wconf 83' lang='lat' dir='ltr'><strong>labores,</strong></span> <span class='ocrx_word' id='word_1_231' title='bbox 626 3523 743 3596; x_wconf 89' lang='lat' dir='ltr'><strong>iterum</strong></span> <span class='ocrx_word' id='word_1_232' title='bbox 757 3521 787 3596; x_wconf 85' lang='lat' dir='ltr'><strong>J.</strong></span> <span class='ocrx_word' id='word_1_233' title='bbox 799 3523 836 3595; x_wconf 88' lang='lat' dir='ltr'><strong>B.</strong></span> <span class='ocrx_word' id='word_1_234' title='bbox 849 3521 1030 3619; x_wconf 88' lang='lat' dir='ltr'><strong>Lightloot,</strong></span> <span class='ocrx_word' id='word_1_235' title='bbox 1043 3520 1214 3622; x_wconf 88' lang='lat' dir='ltr'><strong>episcopus</strong></span> <span class='ocrx_word' id='word_1_236' title='bbox 1224 3519 1414 3619; x_wconf 88' lang='lat' dir='ltr'><strong>anglicanus</strong></span> <span class='ocrx_word' id='word_1_237' title='bbox 1424 3515 1668 3602; x_wconf 87' lang='lat' dir='ltr'><strong>Dunelmensis‚</strong></span> <span class='ocrx_word' id='word_1_238' title='bbox 1681 3543 1831 3617; x_wconf 88' lang='lat' dir='ltr'><strong>campum</strong></span> 
     </span>
     <span class='ocr_line' id='line_1_24' title="bbox 256 3635 1833 3747; baseline -0.006 -28"><span class='ocrx_word' id='word_1_239' title='bbox 256 3648 435 3721; x_wconf 85' lang='lat' dir='ltr'><strong>intraturus</strong></span> <span class='ocrx_word' id='word_1_240' title='bbox 453 3662 516 3733; x_wconf 86' lang='lat' dir='ltr'><strong>est,</strong></span> <span class='ocrx_word' id='word_1_241' title='bbox 533 3659 648 3747; x_wconf 88' lang='lat' dir='ltr'><strong>atque,</strong></span> <span class='ocrx_word' id='word_1_242' title='bbox 667 3673 705 3720; x_wconf 90' lang='lat' dir='ltr'><strong>ea</strong></span> <span class='ocrx_word' id='word_1_243' title='bbox 723 3671 789 3744; x_wconf 91' lang='lat' dir='ltr'><strong>qua</strong></span> <span class='ocrx_word' id='word_1_244' title='bbox 806 3656 967 3716; x_wconf 85' lang='lat' dir='ltr'><strong>natusest</strong></span> <span class='ocrx_word' id='word_1_245' title='bbox 984 3641 1153 3741; x_wconf 88' lang='lat' dir='ltr'><strong>diligentia</strong></span> <span class='ocrx_word' id='word_1_246' title='bbox 1171 3655 1203 3714; x_wconf 89' lang='lat' dir='ltr'><strong>et</strong></span> <span class='ocrx_word' id='word_1_247' title='bbox 1219 3641 1383 3722; x_wconf 90' lang='lat' dir='ltr'><strong>doctrina,</strong></span> <span class='ocrx_word' id='word_1_248' title='bbox 1403 3635 1511 3709; x_wconf 91' lang='lat' dir='ltr'><strong>omnia</strong></span> <span class='ocrx_word' id='word_1_249' title='bbox 1531 3647 1694 3734; x_wconf 91' lang='lat' dir='ltr'><strong>quotquot</strong></span> <span class='ocrx_word' id='word_1_250' title='bbox 1708 3651 1833 3710; x_wconf 88' lang='lat' dir='ltr'><strong>exstant</strong></span> 
     </span>
     <span class='ocr_line' id='line_1_25' title="bbox 255 3757 1520 3869; baseline -0.013 -28"><span class='ocrx_word' id='word_1_251' title='bbox 255 3767 291 3841; x_wconf 90' lang='lat' dir='ltr'><strong>S.</strong></span> <span class='ocrx_word' id='word_1_252' title='bbox 310 3769 429 3866; x_wconf 85' lang='lat' dir='ltr'><strong>ignatii</strong></span> <span class='ocrx_word' id='word_1_253' title='bbox 447 3794 562 3869; x_wconf 91' lang='lat' dir='ltr'><strong>opera,</strong></span> <span class='ocrx_word' id='word_1_254' title='bbox 573 3793 692 3865; x_wconf 68' lang='lat' dir='ltr'><strong>graece,</strong></span> <span class='ocrx_word' id='word_1_255' title='bbox 707 3765 846 3864; x_wconf 79' lang='lat' dir='ltr'><strong>syriace,</strong></span> <span class='ocrx_word' id='word_1_256' title='bbox 865 3763 1055 3865; x_wconf 88' lang='lat' dir='ltr'><strong>copticequc</strong></span> <span class='ocrx_word' id='word_1_257' title='bbox 1069 3763 1261 3865; x_wconf 88' lang='lat' dir='ltr'><strong>propediem</strong></span> <span class='ocrx_word' id='word_1_258' title='bbox 1278 3759 1423 3834; x_wconf 86' lang='lat' dir='ltr'><strong>editurus</strong></span> <span class='ocrx_word' id='word_1_259' title='bbox 1439 3757 1520 3826; x_wconf 87' lang='lat' dir='ltr'><strong>est³.</strong></span> 
     </span>
    </p>

    <p class='ocr_par' dir='ltr' id='par_1_7' title="bbox 256 3876 1835 4232">
     <span class='ocr_line' id='line_1_26' title="bbox 306 3876 1834 3989; baseline -0.008 -28"><span class='ocrx_word' id='word_1_260' title='bbox 306 3888 403 3962; x_wconf 87' lang='lat' dir='ltr'><strong>lliscc</strong></span> <span class='ocrx_word' id='word_1_261' title='bbox 428 3888 638 3989; x_wconf 87' lang='lat' dir='ltr'><strong>epistolarum</strong></span> <span class='ocrx_word' id='word_1_262' title='bbox 655 3887 773 3986; x_wconf 87' lang='lat' dir='ltr'><strong>Ignatii</strong></span> <span class='ocrx_word' id='word_1_263' title='bbox 788 3885 935 3989; x_wconf 87' lang='lat' dir='ltr'><strong>reliqniis</strong></span> <span class='ocrx_word' id='word_1_264' title='bbox 949 3885 1146 3984; x_wconf 82' lang='lat' dir='ltr'><strong>subjecimus</strong></span> <span class='ocrx_word' id='word_1_265' title='bbox 1164 3896 1312 3983; x_wconf 89' lang='lat' dir='ltr'><strong>excerpta</strong></span> <span class='ocrx_word' id='word_1_266' title='bbox 1329 3903 1432 3980; x_wconf 90' lang='lat' dir='ltr'><strong>pauca</strong></span> <span class='ocrx_word' id='word_1_267' title='bbox 1448 3876 1602 3949; x_wconf 80' lang='lat' dir='ltr'><strong>Actorum</strong></span> <span class='ocrx_word' id='word_1_268' title='bbox 1618 3876 1724 3949; x_wconf 88' lang='lat' dir='ltr'><strong>sancti</strong></span> <span class='ocrx_word' id='word_1_269' title='bbox 1743 3904 1834 3951; x_wconf 89' lang='lat' dir='ltr'><strong>mar-</strong></span> 
     </span>
     <span class='ocr_line' id='line_1_27' title="bbox 256 3993 1835 4109; baseline -0.008 -28"><span class='ocrx_word' id='word_1_270' title='bbox 256 4007 336 4108; x_wconf 81' lang='lat' dir='ltr'><strong>tyris</strong></span> <span class='ocrx_word' id='word_1_271' title='bbox 352 4035 425 4109; x_wconf 87' lang='lat' dir='ltr'><strong>quae</strong></span> <span class='ocrx_word' id='word_1_272' title='bbox 445 4008 534 4109; x_wconf 87' lang='lat' dir='ltr'><strong>apud</strong></span> <span class='ocrx_word' id='word_1_273' title='bbox 551 4008 708 4080; x_wconf 81' lang='lat' dir='ltr'><strong>Annenos</strong></span> <span class='ocrx_word' id='word_1_274' title='bbox 725 4007 1009 4093; x_wconf 83' lang='lat' dir='ltr'><strong>circumferuntur,</strong></span> <span class='ocrx_word' id='word_1_275' title='bbox 1026 4031 1232 4108; x_wconf 91' lang='lat' dir='ltr'><strong>quorumque</strong></span> <span class='ocrx_word' id='word_1_276' title='bbox 1249 4001 1345 4103; x_wconf 88' lang='lat' dir='ltr'><strong>plura</strong></span> <span class='ocrx_word' id='word_1_277' title='bbox 1363 3993 1558 4095; x_wconf 87' lang='lat' dir='ltr'><strong>exemplaria</strong></span> <span class='ocrx_word' id='word_1_278' title='bbox 1578 3994 1613 4066; x_wconf 92' lang='lat' dir='ltr'><strong>in</strong></span> <span class='ocrx_word' id='word_1_279' title='bbox 1630 3997 1835 4098; x_wconf 85' lang='lat' dir='ltr'><strong>perantiquis</strong></span> 
     </span>
     <span class='ocr_line' id='line_1_28' title="bbox 256 4112 1834 4232; baseline -0.01 -28"><span class='ocrx_word' id='word_1_280' title='bbox 256 4129 466 4204; x_wconf 86' lang='lat' dir='ltr'><strong>Bibliothecae</strong></span> <span class='ocrx_word' id='word_1_281' title='bbox 483 4128 674 4203; x_wconf 85' lang='lat' dir='ltr'><strong>Parisicnsis</strong></span> <span class='ocrx_word' id='word_1_282' title='bbox 689 4129 854 4203; x_wconf 86' lang='lat' dir='ltr'><strong>codicibus</strong></span> <span class='ocrx_word' id='word_1_283' title='bbox 867 4141 1052 4232; x_wconf 86' lang='lat' dir='ltr'><strong>supersunt.</strong></span> <span class='ocrx_word' id='word_1_284' title='bbox 1064 4128 1140 4201; x_wconf 80' lang='lat' dir='ltr'><strong>Hac</strong></span> <span class='ocrx_word' id='word_1_285' title='bbox 1156 4137 1227 4197; x_wconf 87' lang='lat' dir='ltr'><strong>acta</strong></span> <span class='ocrx_word' id='word_1_286' title='bbox 1240 4121 1383 4224; x_wconf 90' lang='lat' dir='ltr'><strong>primum</strong></span> <span class='ocrx_word' id='word_1_287' title='bbox 1401 4139 1533 4188; x_wconf 85' lang='lat' dir='ltr'><strong>armena</strong></span> <span class='ocrx_word' id='word_1_288' title='bbox 1547 4112 1744 4214; x_wconf 89' lang='lat' dir='ltr'><strong>prodierunt</strong></span> <span class='ocrx_word' id='word_1_289' title='bbox 1757 4143 1834 4190; x_wconf 89' lang='lat' dir='ltr'><strong>cura</strong></span> 
     </span>
    </p>
   </div>
   <div class='ocr_carea' id='block_1_6' title="bbox 255 4343 1009 5442">
    <p class='ocr_par' dir='ltr' id='par_1_8' title="bbox 255 4343 1008 4796">
     <span class='ocr_line' id='line_1_29' title="bbox 256 4343 1007 4420; baseline 0 -22"><span class='ocrx_word' id='word_1_290' title='bbox 256 4363 364 4418; x_wconf 72' lang='lat' dir='ltr'><strong>quasque</strong></span> <span class='ocrx_word' id='word_1_291' title='bbox 379 4344 428 4400; x_wconf 82' lang='lat' dir='ltr'><strong>soit</strong></span> <span class='ocrx_word' id='word_1_292' title='bbox 445 4343 536 4399; x_wconf 87' lang='lat' dir='ltr'><strong>tributa</strong></span> <span class='ocrx_word' id='word_1_293' title='bbox 556 4344 583 4399; x_wconf 86' lang='lat' dir='ltr'><strong>S.</strong></span> <span class='ocrx_word' id='word_1_294' title='bbox 601 4343 720 4420; x_wconf 85' lang='lat' dir='ltr'><strong>Gregorio</strong></span> <span class='ocrx_word' id='word_1_295' title='bbox 741 4345 863 4418; x_wconf 68' lang='lat' dir='ltr'><strong>nysseno,</strong></span> <span class='ocrx_word' id='word_1_296' title='bbox 884 4343 1007 4416; x_wconf 72' lang='lat' dir='ltr'><strong>hesychio</strong></span> 
     </span>
     <span class='ocr_line' id='line_1_30' title="bbox 256 4435 1006 4512; baseline -0.003 -18"><span class='ocrx_word' id='word_1_297' title='bbox 256 4435 480 4510; x_wconf 71' lang='lat' dir='ltr'><strong>Hierosolymitano</strong></span> <span class='ocrx_word' id='word_1_298' title='bbox 492 4445 567 4512; x_wconf 88' lang='lat' dir='ltr'><strong>atque</strong></span> <span class='ocrx_word' id='word_1_299' title='bbox 577 4437 667 4494; x_wconf 81' lang='lat' dir='ltr'><strong>Severo</strong></span> <span class='ocrx_word' id='word_1_300' title='bbox 679 4438 845 4506; x_wconf 81' lang='lat' dir='ltr'><strong>Antiocheno,</strong></span> <span class='ocrx_word' id='word_1_301' title='bbox 856 4457 909 4495; x_wconf 87' lang='lat' dir='ltr'><strong>esse</strong></span> <span class='ocrx_word' id='word_1_302' title='bbox 921 4455 1006 4493; x_wconf 77' lang='lat' dir='ltr'><strong>resera</strong></span> 
     </span>
     <span class='ocr_line' id='line_1_31' title="bbox 256 4530 1008 4608; baseline -0.003 -20"><span class='ocrx_word' id='word_1_303' title='bbox 256 4530 333 4606; x_wconf 84' lang='lat' dir='ltr'><strong>b&#39;njus</strong></span> <span class='ocrx_word' id='word_1_304' title='bbox 347 4531 429 4586; x_wconf 88' lang='lat' dir='ltr'><strong>ultimi</strong></span> <span class='ocrx_word' id='word_1_305' title='bbox 440 4531 559 4600; x_wconf 82' lang='lat' dir='ltr'><strong>auctoris,</strong></span> <span class='ocrx_word' id='word_1_306' title='bbox 575 4539 602 4588; x_wconf 85' lang='lat' dir='ltr'><strong>ur</strong></span> <span class='ocrx_word' id='word_1_307' title='bbox 616 4532 760 4608; x_wconf 87' lang='lat' dir='ltr'><strong>plenissime</strong></span> <span class='ocrx_word' id='word_1_308' title='bbox 771 4539 867 4590; x_wconf 72' lang='lat' dir='ltr'><strong>nonant</strong></span> <span class='ocrx_word' id='word_1_309' title='bbox 875 4551 904 4590; x_wconf 89' lang='lat' dir='ltr'><strong>ex</strong></span> <span class='ocrx_word' id='word_1_310' title='bbox 918 4549 1008 4608; x_wconf 87' lang='lat' dir='ltr'><strong>peran-</strong></span> 
     </span>
     <span class='ocr_line' id='line_1_32' title="bbox 257 4624 1006 4704; baseline -0.004 -24"><span class='ocrx_word' id='word_1_311' title='bbox 257 4624 333 4700; x_wconf 86' lang='lat' dir='ltr'><strong>tiquis</strong></span> <span class='ocrx_word' id='word_1_312' title='bbox 344 4624 420 4698; x_wconf 85' lang='lat' dir='ltr'><strong>hujus</strong></span> <span class='ocrx_word' id='word_1_313' title='bbox 431 4625 542 4682; x_wconf 79' lang='lat' dir='ltr'><strong>homilia</strong></span> <span class='ocrx_word' id='word_1_314' title='bbox 555 4627 708 4684; x_wconf 76' lang='lat' dir='ltr'><strong>versionibus</strong></span> <span class='ocrx_word' id='word_1_315' title='bbox 720 4627 748 4682; x_wconf 92' lang='lat' dir='ltr'><strong>in</strong></span> <span class='ocrx_word' id='word_1_316' title='bbox 762 4627 873 4704; x_wconf 86' lang='lat' dir='ltr'><strong>linguam</strong></span> <span class='ocrx_word' id='word_1_317' title='bbox 887 4625 1006 4700; x_wconf 70' lang='lat' dir='ltr'><strong>syriacam</strong></span> 
     </span>
     <span class='ocr_line' id='line_1_33' title="bbox 255 4715 1007 4796; baseline -0.004 -24"><span class='ocrx_word' id='word_1_318' title='bbox 255 4715 333 4774; x_wconf 72' lang='lat' dir='ltr'><strong>lacus.</strong></span> <span class='ocrx_word' id='word_1_319' title='bbox 347 4718 439 4774; x_wconf 84' lang='lat' dir='ltr'><strong>Verum</strong></span> <span class='ocrx_word' id='word_1_320' title='bbox 456 4722 488 4776; x_wconf 85' lang='lat' dir='ltr'><strong>da</strong></span> <span class='ocrx_word' id='word_1_321' title='bbox 501 4721 549 4776; x_wconf 88' lang='lat' dir='ltr'><strong>hoc</strong></span> <span class='ocrx_word' id='word_1_322' title='bbox 564 4729 711 4796; x_wconf 86' lang='lat' dir='ltr'><strong>argumento</strong></span> <span class='ocrx_word' id='word_1_323' title='bbox 724 4723 796 4796; x_wconf 90' lang='lat' dir='ltr'><strong>plura</strong></span> <span class='ocrx_word' id='word_1_324' title='bbox 812 4721 873 4777; x_wconf 85' lang='lat' dir='ltr'><strong>alibi</strong></span> <span class='ocrx_word' id='word_1_325' title='bbox 887 4719 1007 4774; x_wconf 83' lang='lat' dir='ltr'><strong>dicemus.</strong></span> 
     </span>
    </p>

    <p class='ocr_par' dir='ltr' id='par_1_9' title="bbox 256 4808 1009 5056">
     <span class='ocr_line' id='line_1_34' title="bbox 294 4808 1009 4889; baseline -0.001 -21"><span class='ocrx_word' id='word_1_326' title='bbox 294 4814 303 4846; x_wconf 92' lang='lat'>¹</span> <span class='ocrx_word' id='word_1_327' title='bbox 323 4813 395 4868; x_wconf 81' lang='lat' dir='ltr'><strong>huno</strong></span> <span class='ocrx_word' id='word_1_328' title='bbox 407 4813 500 4868; x_wconf 85' lang='lat' dir='ltr'><strong>etenim</strong></span> <span class='ocrx_word' id='word_1_329' title='bbox 513 4815 599 4880; x_wconf 81' lang='lat'><strong>1880,</strong></span> <span class='ocrx_word' id='word_1_330' title='bbox 609 4813 651 4870; x_wconf 91' lang='lat' dir='ltr'><strong>die</strong></span> <span class='ocrx_word' id='word_1_331' title='bbox 663 4817 693 4870; x_wconf 78' lang='lat' dir='ltr'><strong>rt</strong></span> <span class='ocrx_word' id='word_1_332' title='bbox 707 4815 819 4889; x_wconf 80' lang='lat' dir='ltr'><strong>julii‚ad</strong></span> <span class='ocrx_word' id='word_1_333' title='bbox 828 4831 874 4869; x_wconf 92' lang='lat' dir='ltr'><strong>nos</strong></span> <span class='ocrx_word' id='word_1_334' title='bbox 885 4808 1009 4867; x_wconf 70' lang='lat' dir='ltr'><strong>scribebat</strong></span> 
     </span>
     <span class='ocr_line' id='line_1_35' title="bbox 256 4903 1009 4982; baseline -0.008 -20"><span class='ocrx_word' id='word_1_335' title='bbox 256 4903 286 4961; x_wconf 78' lang='lat' dir='ltr'><strong>ll.</strong></span> <span class='ocrx_word' id='word_1_336' title='bbox 298 4907 330 4962; x_wconf 87' lang='lat' dir='ltr'><strong>H.</strong></span> <span class='ocrx_word' id='word_1_337' title='bbox 341 4907 470 4964; x_wconf 86' lang='lat' dir='ltr'><strong>Benaleius</strong></span> <span class='ocrx_word' id='word_1_338' title='bbox 482 4915 576 4964; x_wconf 88' lang='lat' dir='ltr'><strong>textum</strong></span> <span class='ocrx_word' id='word_1_339' title='bbox 585 4909 707 4981; x_wconf 80' lang='lat' dir='ltr'><strong>syriacum</strong></span> <span class='ocrx_word' id='word_1_340' title='bbox 716 4910 770 4982; x_wconf 84' lang='lat' dir='ltr'><strong>jam</strong></span> <span class='ocrx_word' id='word_1_341' title='bbox 779 4907 855 4963; x_wconf 87' lang='lat' dir='ltr'><strong>luisse</strong></span> <span class='ocrx_word' id='word_1_342' title='bbox 863 4904 934 4981; x_wconf 77' lang='lat' dir='ltr'><strong>prelo</strong></span> <span class='ocrx_word' id='word_1_343' title='bbox 942 4917 1009 4956; x_wconf 87' lang='lat' dir='ltr'><strong>oom-</strong></span> 
     </span>
     <span class='ocr_line' id='line_1_36' title="bbox 256 5017 370 5056; baseline 0.026 -4"><span class='ocrx_word' id='word_1_344' title='bbox 256 5017 370 5056; x_wconf 87' lang='lat' dir='ltr'><strong>mrssum.</strong></span> 
     </span>
    </p>

    <p class='ocr_par' dir='ltr' id='par_1_10' title="bbox 255 5091 1009 5442">
     <span class='ocr_line' id='line_1_37' title="bbox 294 5091 1009 5169; baseline -0.011 -21"><span class='ocrx_word' id='word_1_345' title='bbox 294 5096 304 5126; x_wconf 83' lang='lat'><strong>¹</strong></span> <span class='ocrx_word' id='word_1_346' title='bbox 323 5093 346 5148; x_wconf 84' lang='lat' dir='ltr'><strong>J.</strong></span> <span class='ocrx_word' id='word_1_347' title='bbox 361 5095 389 5148; x_wconf 84' lang='grc' dir='ltr'><strong>Β.</strong></span> <span class='ocrx_word' id='word_1_348' title='bbox 403 5095 541 5169; x_wconf 82' lang='lat' dir='ltr'><strong>Lightloot‚</strong></span> <span class='ocrx_word' id='word_1_349' title='bbox 556 5095 583 5151; x_wconf 89' lang='lat' dir='ltr'><strong>S.</strong></span> <span class='ocrx_word' id='word_1_350' title='bbox 598 5093 702 5150; x_wconf 79' lang='lat' dir='ltr'><strong>Clamant</strong></span> <span class='ocrx_word' id='word_1_351' title='bbox 720 5097 751 5164; x_wconf 82' lang='lat' dir='ltr'><strong>os</strong></span> <span class='ocrx_word' id='word_1_352' title='bbox 762 5095 842 5148; x_wconf 85' lang='lat' dir='ltr'><strong>Rome.</strong></span> <span class='ocrx_word' id='word_1_353' title='bbox 861 5091 899 5145; x_wconf 78' lang='lat' dir='ltr'><strong>An</strong></span> <span class='ocrx_word' id='word_1_354' title='bbox 915 5101 1009 5160; x_wconf 90' lang='lat' dir='ltr'><strong>appen-</strong></span> 
     </span>
     <span class='ocr_line' id='line_1_38' title="bbox 256 5175 1008 5264; baseline 0.005 -25"><span class='ocrx_word' id='word_1_355' title='bbox 256 5184 299 5240; x_wconf 85' lang='lat' dir='ltr'><strong>dix</strong></span> <span class='ocrx_word' id='word_1_356' title='bbox 316 5187 458 5264; x_wconf 86' lang='lat' dir='ltr'><strong>ooutaining</strong></span> <span class='ocrx_word' id='word_1_357' title='bbox 474 5189 517 5244; x_wconf 88' lang='lat' dir='ltr'><strong>the</strong></span> <span class='ocrx_word' id='word_1_358' title='bbox 533 5190 611 5264; x_wconf 72' lang='lat' dir='ltr'><strong>nearly</strong></span> <span class='ocrx_word' id='word_1_359' title='bbox 630 5185 772 5244; x_wconf 84' lang='lat' dir='ltr'><strong>discovered</strong></span> <span class='ocrx_word' id='word_1_360' title='bbox 790 5183 903 5260; x_wconf 69' lang='lat' dir='ltr'><strong>portiom</strong></span> <span class='ocrx_word' id='word_1_361' title='bbox 919 5177 948 5233; x_wconf 77' lang='lat' dir='ltr'><strong>⁰f</strong></span> <span class='ocrx_word' id='word_1_362' title='bbox 965 5175 1008 5232; x_wconf 70' lang='lat'><strong>¹1¹⁰</strong></span> 
     </span>
     <span class='ocr_line' id='line_1_39' title="bbox 257 5269 1009 5355; baseline -0.015 -23"><span class='ocrx_word' id='word_1_363' title='bbox 257 5284 304 5333; x_wconf 77' lang='lat' dir='ltr'><strong>tuo</strong></span> <span class='ocrx_word' id='word_1_364' title='bbox 318 5279 423 5355; x_wconf 79' lang='lat' dir='ltr'><strong>Epistles</strong></span> <span class='ocrx_word' id='word_1_365' title='bbox 443 5290 467 5336; x_wconf 94' lang='lat' dir='ltr'><strong>to</strong></span> <span class='ocrx_word' id='word_1_366' title='bbox 490 5281 532 5337; x_wconf 89' lang='lat' dir='ltr'><strong>tho</strong></span> <span class='ocrx_word' id='word_1_367' title='bbox 552 5281 723 5343; x_wconf 84' lang='lat' dir='ltr'><strong>Corinthiam,</strong></span> <span class='ocrx_word' id='word_1_368' title='bbox 743 5277 804 5332; x_wconf 85' lang='lat' dir='ltr'><strong>with</strong></span> <span class='ocrx_word' id='word_1_369' title='bbox 827 5269 1009 5330; x_wconf 79' lang='lat' dir='ltr'><strong>introductione</strong></span> 
     </span>
     <span class='ocr_line' id='line_1_40' title="bbox 255 5367 833 5442; baseline -0.01 -16"><span class='ocrx_word' id='word_1_370' title='bbox 255 5371 306 5428; x_wconf 83' lang='lat' dir='ltr'><strong>and</strong></span> <span class='ocrx_word' id='word_1_371' title='bbox 319 5384 401 5442; x_wconf 88' lang='lat' dir='ltr'><strong>notes,</strong></span> <span class='ocrx_word' id='word_1_372' title='bbox 413 5375 463 5431; x_wconf 86' lang='lat' dir='ltr'><strong>and</strong></span> <span class='ocrx_word' id='word_1_373' title='bbox 475 5394 491 5431; x_wconf 83' lang='lat' dir='ltr'><strong>a</strong></span> <span class='ocrx_word' id='word_1_374' title='bbox 501 5375 647 5430; x_wconf 84' lang='lat' dir='ltr'><strong>translation</strong></span> <span class='ocrx_word' id='word_1_375' title='bbox 657 5372 685 5426; x_wconf 83' lang='lat' dir='ltr'><strong>ot</strong></span> <span class='ocrx_word' id='word_1_376' title='bbox 694 5370 736 5425; x_wconf 89' lang='lat' dir='ltr'><strong>tha</strong></span> <span class='ocrx_word' id='word_1_377' title='bbox 746 5367 833 5422; x_wconf 81' lang='lat' dir='ltr'><strong>whole.</strong></span> 
     </span>
    </p>
   </div>
   <div class='ocr_carea' id='block_1_7' title="bbox 1082 4325 1838 5418">
    <p class='ocr_par' dir='ltr' id='par_1_11' title="bbox 1082 4325 1838 5418">
     <span class='ocr_line' id='line_1_41' title="bbox 1118 4325 1837 4406; baseline -0.029 -13"><span class='ocrx_word' id='word_1_378' title='bbox 1118 4342 1129 4373; x_wconf 89' lang='lat'><strong>³</strong></span> <span class='ocrx_word' id='word_1_379' title='bbox 1147 4337 1231 4393; x_wconf 86' lang='lat' dir='ltr'><strong>Liceat</strong></span> <span class='ocrx_word' id='word_1_380' title='bbox 1249 4334 1290 4388; x_wconf 86' lang='lat' dir='ltr'><strong>hic</strong></span> <span class='ocrx_word' id='word_1_381' title='bbox 1304 4346 1398 4406; x_wconf 84' lang='lat' dir='ltr'><strong>ponere</strong></span> <span class='ocrx_word' id='word_1_382' title='bbox 1414 4325 1583 4399; x_wconf 76' lang='lat' dir='ltr'><strong>fragmentum</strong></span> <span class='ocrx_word' id='word_1_383' title='bbox 1597 4325 1625 4380; x_wconf 89' lang='lat' dir='ltr'><strong>S.</strong></span> <span class='ocrx_word' id='word_1_384' title='bbox 1639 4328 1737 4401; x_wconf 74' lang='lat' dir='ltr'><strong>Ignatio</strong></span> <span class='ocrx_word' id='word_1_385' title='bbox 1757 4329 1837 4386; x_wconf 66' lang='lat' dir='ltr'><strong>ffihu.</strong></span> 
     </span>
     <span class='ocr_line' id='line_1_42' title="bbox 1083 4415 1838 4503; baseline -0.011 -17"><span class='ocrx_word' id='word_1_386' title='bbox 1083 4423 1396 4503; x_wconf 83' lang='lat' dir='ltr'><strong>tum,quodnupem&#39;mee</strong></span> <span class='ocrx_word' id='word_1_387' title='bbox 1406 4417 1489 4474; x_wconf 83' lang='lat' dir='ltr'><strong>codice</strong></span> <span class='ocrx_word' id='word_1_388' title='bbox 1497 4415 1608 4488; x_wconf 61' lang='lat' dir='ltr'><strong>modam</strong></span> <span class='ocrx_word' id='word_1_389' title='bbox 1616 4417 1777 4478; x_wconf 67' lang='lat' dir='ltr'><strong>Bibliotheca</strong></span> <span class='ocrx_word' id='word_1_390' title='bbox 1786 4423 1838 4478; x_wconf 65' lang='lat' dir='ltr'><strong>ns</strong></span> 
     </span>
     <span class='ocr_line' id='line_1_43' title="bbox 1082 4507 1838 4588; baseline -0.016 -9"><span class='ocrx_word' id='word_1_391' title='bbox 1082 4517 1333 4578; x_wconf 77' lang='lat' dir='ltr'><strong>dicealaurentiana</strong></span> <span class='ocrx_word' id='word_1_392' title='bbox 1340 4509 1472 4567; x_wconf 73' lang='lat' dir='ltr'><strong>Florentia</strong></span> <span class='ocrx_word' id='word_1_393' title='bbox 1479 4507 1664 4579; x_wconf 76' lang='lat' dir='ltr'><strong>descripsimus</strong></span> <span class='ocrx_word' id='word_1_394' title='bbox 1672 4515 1755 4568; x_wconf 84' lang='lat' dir='ltr'><strong>-ln</strong></span> <span class='ocrx_word' id='word_1_395' title='bbox 1762 4533 1838 4588; x_wconf 80' lang='lat' dir='ltr'><strong>pon-o</strong></span> 
     </span>
     <span class='ocr_line' id='line_1_44' title="bbox 1082 4597 1837 4684; baseline -0.033 -13"><span class='ocrx_word' id='word_1_396' title='bbox 1082 4635 1108 4671; x_wconf 87' lang='lat' dir='ltr'><strong>se</strong></span> <span class='ocrx_word' id='word_1_397' title='bbox 1118 4614 1193 4669; x_wconf 87' lang='lat' dir='ltr'><strong>habet</strong></span> <span class='ocrx_word' id='word_1_398' title='bbox 1202 4612 1385 4684; x_wconf 81' lang='lat' dir='ltr'><strong>fragmentum:</strong></span> <span class='ocrx_word' id='word_1_399' title='bbox 1401 4597 1511 4673; x_wconf 75' lang='lat' dir='ltr'><strong>algnatii</strong></span> <span class='ocrx_word' id='word_1_400' title='bbox 1524 4599 1603 4670; x_wconf 65' lang='grc' dir='ltr'><strong>[μοί.</strong></span> <span class='ocrx_word' id='word_1_401' title='bbox 1617 4631 1656 4641; x_wconf 89' lang='grc'><strong>-</strong></span> <span class='ocrx_word' id='word_1_402' title='bbox 1667 4603 1837 4661; x_wconf 57' lang='lat' dir='ltr'><strong>omma,</strong></span> 
     </span>
     <span class='ocr_line' id='line_1_45' title="bbox 1083 4689 1838 4770; baseline -0.023 -9"><span class='ocrx_word' id='word_1_403' title='bbox 1083 4713 1200 4761; x_wconf 69' lang='lat' dir='ltr'><strong>suocmm</strong></span> <span class='ocrx_word' id='word_1_404' title='bbox 1209 4701 1275 4756; x_wconf 78' lang='lat' dir='ltr'><strong>leda</strong></span> <span class='ocrx_word' id='word_1_405' title='bbox 1287 4701 1397 4770; x_wconf 59' lang='lat' dir='ltr'><strong>quutae,</strong></span> <span class='ocrx_word' id='word_1_406' title='bbox 1405 4689 1463 4764; x_wconf 86' lang='lat' dir='ltr'><strong>quia</strong></span> <span class='ocrx_word' id='word_1_407' title='bbox 1474 4689 1501 4740; x_wconf 93' lang='lat' dir='ltr'><strong>in</strong></span> <span class='ocrx_word' id='word_1_408' title='bbox 1513 4705 1542 4740; x_wconf 88' lang='lat' dir='ltr'><strong>ea</strong></span> <span class='ocrx_word' id='word_1_409' title='bbox 1551 4689 1675 4745; x_wconf 87' lang='lat' dir='ltr'><strong>Dominus</strong></span> <span class='ocrx_word' id='word_1_410' title='bbox 1684 4701 1769 4750; x_wconf 79' lang='lat' dir='ltr'><strong>noster</strong></span> <span class='ocrx_word' id='word_1_411' title='bbox 1779 4715 1838 4769; x_wconf 63' lang='lat' dir='ltr'><strong>pas.</strong></span> 
     </span>
     <span class='ocr_line' id='line_1_46' title="bbox 1083 4777 1837 4857; baseline -0.02 -4"><span class='ocrx_word' id='word_1_412' title='bbox 1083 4799 1197 4852; x_wconf 78' lang='lat' dir='ltr'><strong>saionem</strong></span> <span class='ocrx_word' id='word_1_413' title='bbox 1213 4809 1285 4846; x_wconf 89' lang='lat' dir='ltr'><strong>snam</strong></span> <span class='ocrx_word' id='word_1_414' title='bbox 1304 4781 1450 4857; x_wconf 80' lang='lat' dir='ltr'><strong>significarit</strong></span> <span class='ocrx_word' id='word_1_415' title='bbox 1465 4777 1598 4848; x_wconf 77' lang='lat' dir='ltr'><strong>Apostolis,</strong></span> <span class='ocrx_word' id='word_1_416' title='bbox 1611 4781 1656 4850; x_wconf 91' lang='lat' dir='ltr'><strong>qui</strong></span> <span class='ocrx_word' id='word_1_417' title='bbox 1669 4781 1756 4840; x_wconf 89' lang='lat' dir='ltr'><strong>dolore</strong></span> <span class='ocrx_word' id='word_1_418' title='bbox 1767 4805 1837 4842; x_wconf 84' lang='lat' dir='ltr'><strong>oom-</strong></span> 
     </span>
     <span class='ocr_line' id='line_1_47' title="bbox 1083 4867 1836 4951; baseline -0.023 -8"><span class='ocrx_word' id='word_1_419' title='bbox 1083 4887 1238 4943; x_wconf 75' lang='lat' dir='ltr'><strong>amotisunt.</strong></span> <span class='ocrx_word' id='word_1_420' title='bbox 1248 4877 1444 4936; x_wconf 84' lang='lat' dir='ltr'><strong>Etobsarramus</strong></span> <span class='ocrx_word' id='word_1_421' title='bbox 1456 4873 1553 4921; x_wconf 64' lang='lat' dir='ltr'><strong>aarum</strong></span> <span class='ocrx_word' id='word_1_422' title='bbox 1561 4867 1629 4924; x_wconf 72' lang='lat' dir='ltr'><strong>lemae</strong></span> <span class='ocrx_word' id='word_1_423' title='bbox 1641 4880 1729 4940; x_wconf 66' lang='lat' dir='ltr'><strong>serm,</strong></span> <span class='ocrx_word' id='word_1_424' title='bbox 1737 4879 1796 4951; x_wconf 69' lang='lat' dir='ltr'><strong>qui.</strong></span> <span class='ocrx_word' id='word_1_425' title='bbox 1808 4882 1836 4936; x_wconf 71' lang='lat' dir='ltr'><strong>in</strong></span> 
     </span>
     <span class='ocr_line' id='line_1_48' title="bbox 1085 4957 1837 5045; baseline -0.031 -10"><span class='ocrx_word' id='word_1_426' title='bbox 1085 4999 1131 5036; x_wconf 78' lang='lat' dir='ltr'><strong>sea</strong></span> <span class='ocrx_word' id='word_1_427' title='bbox 1144 4975 1267 5034; x_wconf 86' lang='lat' dir='ltr'><strong>Dominus</strong></span> <span class='ocrx_word' id='word_1_428' title='bbox 1284 4975 1367 5024; x_wconf 85' lang='lat' dir='ltr'><strong>noster</strong></span> <span class='ocrx_word' id='word_1_429' title='bbox 1380 4957 1549 5035; x_wconf 80' lang='lat' dir='ltr'><strong>apprehensus</strong></span> <span class='ocrx_word' id='word_1_430' title='bbox 1563 4965 1601 5012; x_wconf 81' lang='lat' dir='ltr'><strong>ast</strong></span> <span class='ocrx_word' id='word_1_431' title='bbox 1614 4977 1630 5014; x_wconf 89' lang='lat' dir='ltr'><strong>a</strong></span> <span class='ocrx_word' id='word_1_432' title='bbox 1642 4961 1750 5032; x_wconf 65' lang='lat' dir='ltr'><strong>lodan,</strong></span> <span class='ocrx_word' id='word_1_433' title='bbox 1761 4977 1837 5045; x_wconf 50' lang='grc' dir='ltr'><strong>,ιω</strong></span> 
     </span>
     <span class='ocr_line' id='line_1_49' title="bbox 1083 5048 1838 5144; baseline -0.028 -24"><span class='ocrx_word' id='word_1_434' title='bbox 1083 5073 1128 5127; x_wconf 65' lang='lat' dir='ltr'><strong>ein</strong></span> <span class='ocrx_word' id='word_1_435' title='bbox 1138 5087 1202 5144; x_wconf 75' lang='lat' dir='ltr'><strong>gena</strong></span> <span class='ocrx_word' id='word_1_436' title='bbox 1209 5063 1335 5141; x_wconf 85' lang='lat' dir='ltr'><strong>perculsus</strong></span> <span class='ocrx_word' id='word_1_437' title='bbox 1344 5063 1403 5112; x_wconf 88' lang='lat' dir='ltr'><strong>esta</strong></span> <span class='ocrx_word' id='word_1_438' title='bbox 1414 5067 1484 5106; x_wconf 72' lang='lat' dir='ltr'><strong>mrro</strong></span> <span class='ocrx_word' id='word_1_439' title='bbox 1494 5048 1615 5122; x_wconf 83' lang='lat' dir='ltr'><strong>principis</strong></span> <span class='ocrx_word' id='word_1_440' title='bbox 1627 5057 1795 5118; x_wconf 57' lang='lat' dir='ltr'><strong>semorum,</strong></span> <span class='ocrx_word' id='word_1_441' title='bbox 1805 5065 1838 5120; x_wconf 61' lang='lat' dir='ltr'><strong>gg</strong></span> 
     </span>
     <span class='ocr_line' id='line_1_50' title="bbox 1083 5139 1837 5237; baseline -0.032 -19"><span class='ocrx_word' id='word_1_442' title='bbox 1083 5162 1241 5237; x_wconf 71' lang='lat' dir='ltr'><strong>«ligaverunt</strong></span> <span class='ocrx_word' id='word_1_443' title='bbox 1260 5171 1318 5210; x_wconf 85' lang='lat' dir='ltr'><strong>aum</strong></span> <span class='ocrx_word' id='word_1_444' title='bbox 1338 5143 1447 5222; x_wconf 74' lang='lat' dir='ltr'><strong>(ludaei)</strong></span> <span class='ocrx_word' id='word_1_445' title='bbox 1459 5139 1491 5196; x_wconf 85' lang='lat' dir='ltr'><strong>ad</strong></span> <span class='ocrx_word' id='word_1_446' title='bbox 1508 5139 1659 5200; x_wconf 85' lang='lat' dir='ltr'><strong>columnam.</strong></span> <span class='ocrx_word' id='word_1_447' title='bbox 1673 5147 1706 5204; x_wconf 80' lang='lat' dir='ltr'><strong>ltt</strong></span> <span class='ocrx_word' id='word_1_448' title='bbox 1717 5153 1837 5213; x_wconf 62' lang='lat' dir='ltr'><strong>501ng</strong></span> 
     </span>
     <span class='ocr_line' id='line_1_51' title="bbox 1083 5232 1836 5316; baseline -0.009 -6"><span class='ocrx_word' id='word_1_449' title='bbox 1083 5260 1198 5310; x_wconf 83' lang='lat' dir='ltr'><strong>sanctem</strong></span> <span class='ocrx_word' id='word_1_450' title='bbox 1212 5245 1322 5310; x_wconf 86' lang='lat' dir='ltr'><strong>sabbati,</strong></span> <span class='ocrx_word' id='word_1_451' title='bbox 1343 5239 1403 5316; x_wconf 89' lang='lat' dir='ltr'><strong>quia</strong></span> <span class='ocrx_word' id='word_1_452' title='bbox 1419 5236 1447 5291; x_wconf 91' lang='lat' dir='ltr'><strong>in</strong></span> <span class='ocrx_word' id='word_1_453' title='bbox 1462 5253 1491 5290; x_wconf 89' lang='lat' dir='ltr'><strong>aa</strong></span> <span class='ocrx_word' id='word_1_454' title='bbox 1513 5232 1561 5286; x_wconf 84' lang='lat' dir='ltr'><strong>luit</strong></span> <span class='ocrx_word' id='word_1_455' title='bbox 1579 5235 1699 5296; x_wconf 79' lang='lat' dir='ltr'><strong>relaxatio</strong></span> <span class='ocrx_word' id='word_1_456' title='bbox 1718 5250 1836 5306; x_wconf 87' lang='lat' dir='ltr'><strong>omnibus</strong></span> 
     </span>
     <span class='ocr_line' id='line_1_52' title="bbox 1083 5327 1836 5418; baseline -0.025 -16"><span class='ocrx_word' id='word_1_457' title='bbox 1083 5343 1233 5404; x_wconf 77' lang='lat' dir='ltr'><strong>sanimabos</strong></span> <span class='ocrx_word' id='word_1_458' title='bbox 1242 5345 1411 5399; x_wconf 78' lang='lat' dir='ltr'><strong>mortuorum,</strong></span> <span class='ocrx_word' id='word_1_459' title='bbox 1428 5347 1485 5404; x_wconf 78' lang='lat' dir='ltr'><strong>qua</strong></span> <span class='ocrx_word' id='word_1_460' title='bbox 1504 5335 1575 5382; x_wconf 89' lang='lat' dir='ltr'><strong>erant</strong></span> <span class='ocrx_word' id='word_1_461' title='bbox 1588 5327 1616 5385; x_wconf 90' lang='lat' dir='ltr'><strong>in</strong></span> <span class='ocrx_word' id='word_1_462' title='bbox 1628 5331 1742 5408; x_wconf 76' lang='lat' dir='ltr'><strong>intumo,</strong></span> <span class='ocrx_word' id='word_1_463' title='bbox 1755 5361 1836 5418; x_wconf 68' lang='lat' dir='ltr'><strong>quum</strong></span> 
     </span>
    </p>
   </div>
   <div class='ocr_carea' id='block_1_8' title="bbox 0 0 1998 6082">
    <p class='ocr_par' dir='ltr' id='par_1_12' title="bbox 0 0 1998 6082">
     <span class='ocr_line' id='line_1_53' title="bbox 0 0 1998 6082; baseline 0 0"><span class='ocrx_word' id='word_1_464' title='bbox 0 0 1998 6082; x_wconf 95' lang='lat' dir='ltr'><strong> </strong></span> 
     </span>
    </p>
   </div>
  </div>
 </body>
</html>
