4006 6098
478 665 480 668 Ι
526 575 729 645 SANCTUS
758 574 1023 644 enueonlus
1052 573 1434 643 rutubaruueus
1695 569 1762 641 393

243 725 354 801 lllllll.
383 726 420 798 ln
438 725 500 799 boc
517 751 643 826 magnei
665 701 845 799 leslivitatis
866 725 920 798 die
939 725 1046 798 soluta
1064 738 1142 797 sunt
1160 722 1288 797 vincula
1305 754 1313 796 :
1330 723 1467 798 Satanas
1488 723 1613 826 pudore
1630 723 1764 797 allectus

192 861 256 935 est,
274 850 438 922 demones
452 847 487 919 in
504 827 615 945 lugam
630 848 775 920 conversi
791 860 869 920 sunt
882 873 1011 932 omnes,
1029 873 1115 920 mors
1129 845 1279 919 lethifera
1291 858 1414 918 mutata
1429 859 1477 918 est
1493 847 1528 918 in
1543 846 1656 930 vitam,
1667 871 1765 947 pare·

193 969 283 1042 disus
305 970 424 1042 latroni
448 982 498 1042 est
520 979 667 1070 apertus,
683 967 929 1042 maledictiones
953 967 988 1039 in
1011 965 1271 1040 benedictionem
1293 993 1390 1040 verse
1413 979 1505 1051 sunt,
1525 979 1657 1067 peccata
1679 979 1765 1039 retro

193 1090 379 1164 ceciderunt
413 1091 541 1174 omnia,
571 1089 693 1162 malitia
719 1088 830 1187 lugete
858 1103 922 1173 est,
952 1089 1068 1162 veritas
1091 1086 1236 1170 advenit,
1261 1112 1426 1160 sermones
1451 1087 1571 1188 pietate
1597 1088 1632 1160 in
1660 1087 1764 1160 Deum

197 1211 304 1284 relorti
321 1209 414 1282 divisi
435 1222 512 1281 sunt
530 1235 591 1310 per
606 1209 736 1294 orbem,
753 1235 861 1282 mores
882 1209 1032 1283 seminati
1054 1220 1130 1279 sunt
1144 1207 1240 1291 casti,
1255 1207 1357 1280 virtus
1371 1208 1406 1280 in
1423 1221 1509 1280 terra
1531 1207 1766 1310 transplantata

194 1345 257 1417 cst,
273 1332 381 1432 angeli
402 1359 476 1404 cum
501 1331 691 1406 hominibus
710 1331 1009 1416 communicarunt,
1022 1329 1235 1430 hominesque
1250 1356 1324 1402 eum
1340 1328 1464 1428 angelis
1481 1328 1572 1430 loqui
1590 1330 1661 1403 ausi
1677 1341 1766 1402 sunt.

195 1457 307 1526 Curet
322 1454 364 1526 ob
377 1480 475 1553 quam
490 1479 558 1525 rem
574 1453 642 1524 haec
657 1451 741 1524 lacta
754 1452 1001 1535 sunu-Quia
1020 1452 1107 1524 Deus
1125 1449 1258 1522 venitin
1276 1449 1437 1523 mundum
1453 1463 1485 1522 et
1500 1449 1577 1550 quia
1589 1448 1632 1522 ad
1649 1449 1766 1522 coelum

197 1573 344 1646 homines
359 1571 477 1646 sublati
496 1587 583 1645 sunt.
602 1573 627 1646 F
629 1587 698 1646 ecta
719 1587 766 1646 est
784 1573 931 1646 omnium
949 1572 1132 1645 commixtio
1150 1603 1158 1644 ε
1179 1571 1266 1644 Deus
1288 1571 1422 1644 omnino
1443 1569 1531 1643 venit
1549 1569 1582 1641 in
1600 1583 1718 1642 terram
1736 1583 1770 1642 et

199 1708 306 1768 tamen
323 1694 456 1768 omnino
474 1708 590 1767 natura
612 1722 670 1768 sua
688 1695 842 1768 remansit
860 1695 895 1766 in
916 1694 1019 1778 coelis,
1036 1695 1133 1767 etiam
1150 1693 1229 1765 dum
1249 1704 1335 1766 totus
1352 1704 1399 1764 est
1416 1718 1514 1791 super
1531 1704 1662 1764 terrem.
1680 1691 1769 1763 Deus

198 1830 313 1890 enatet
328 1817 431 1889 lactus
449 1817 628 1902 esthemo,
647 1816 734 1888 Deus
751 1843 820 1890 esse
838 1815 929 1888 nullo
948 1813 1045 1887 modo
1061 1814 1240 1912 denegans3
1258 1812 1335 1914 quia
1351 1812 1493 1885 Verbum
1512 1824 1596 1898 erat,
1614 1811 1691 1912 quia
1706 1811 1770 1883 im-

196 1937 351 2038 possibile
373 1936 422 2009 illi
444 1950 513 2009 eret
532 1935 693 2038 torqueri,
712 1937 814 2009 lactus
842 1947 889 2008 est
915 1961 1032 2036 corpus
1050 1947 1083 2007 et
1107 1946 1268 2007 tormenta
1291 1959 1406 2034 passus
1427 1945 1486 2006 est.
1505 1931 1576 2005 Non
1596 1932 1699 2004 lectus
1721 1945 1770 2006 est
1845 1959 1846 1964 ¹

198 2061 302 2144 Deus,
313 2085 416 2160 quum
430 2059 462 2131 id
473 2059 543 2158 jam
558 2068 641 2130 esset
656 2069 788 2142 natura,
802 2055 859 2129 sed
874 2083 989 2158 corpus
1001 2055 1104 2129 lactus
1120 2067 1216 2128 estut
1231 2081 1384 2156 corporea
1394 2052 1489 2127 illum
1502 2049 1611 2126 videre
1625 2065 1769 2153 possent.

199 2181 304 2264 Quem
336 2207 403 2252 non
424 2178 536 2253 rident
558 2178 724 2263 celicolae,
747 2177 822 2250 huic
849 2177 989 2278 prebuit
1015 2203 1158 2278 presepe
1185 2175 1425 2260 habitaculum
1450 2202 1523 2247 cum
1551 2174 1770 2260 adventasset,

166 2335 170 2342 ¹
199 2299 307 2373 omnia
325 2300 485 2373 siluerunt
503 2326 609 2372 coram
625 2325 674 2372 eo.
695 2301 847 2372 Currere
866 2298 1008 2399 positum
1026 2299 1125 2371 estin
1143 2297 1317 2398 praesepio,
1329 2297 1391 2368 nisi
1412 2296 1522 2397 utqui
1540 2294 1650 2370 omnia
1667 2294 1770 2367 nutrit

199 2449 304 2494 escam
321 2419 528 2520 parvulorum
544 2417 656 2522 (ltu)
675 2419 715 2492 ab
734 2418 890 2492 uberibus
904 2419 1055 2518 virgineis
1073 2418 1135 2490 sibi
1155 2417 1315 2492 attrahat?
1332 2417 1398 2490 Cur
1416 2417 1511 2490 Peter
1525 2416 1709 2489 futurorum
1727 2415 1769 2488 ab

200 2543 355 2616 uberibus
370 2542 420 2614 lac
433 2542 536 2640 sugit,
552 2541 613 2614 uisi
630 2556 668 2614 ut
682 2540 888 2614 matrimonio
904 2540 1094 2615 benedicat?

252 2729 331 2802 Xlll.
358 2729 396 2802 ln
411 2727 613 2827 hocmagno
628 2727 680 2800 die
699 2727 876 2801 adveniunt
891 2726 994 2826 Magi,
1006 2725 1079 2828 qui,
1091 2726 1173 2800 dura
1189 2725 1378 2826 crudelique
1395 2725 1513 2825 rejecta
1531 2722 1770 2807 dominatione,

200 2851 303 2950 gloria
319 2851 471 2922 roelorum
487 2849 644 2935 evadunt,
658 2849 813 2950 quonium
826 2848 1001 2920 Dominum
1013 2847 1136 2920 venisse
1149 2874 1262 2919 omnes
1277 2858 1439 2919 creaturas
1449 2843 1679 2930 liberaturum,
1690 2871 1772 2944 prae-

200 2972 343 3069 fulgente
362 2984 446 3044 astro
465 2969 614 3054 ductore,
629 2967 867 3041 intellexerunt.
886 2967 1071 3041 «Dominus
1088 2967 1204 3040 sedens
1221 2994 1320 3067 super
1334 2967 1455 3038 nubem
1470 2965 1622 3039 leviorem
1639 2991 1772 3065 corpore

200 3120 284 3164 ssuo
307 3091 431 3164 intrans
451 3091 670 3191 AEgyptum¹n
693 3088 863 3160 videbatur
879 3089 1009 3186 lagatus
1032 3087 1073 3160 ab
1097 3086 1243 3171 herode,
1266 3099 1299 3158 at
1319 3114 1430 3160 revere
1447 3085 1604 3186 implebat
1627 3087 1773 3187 prophe·
1845 3071 1848 3078 ¹

202 3215 280 3286 tiam
294 3213 383 3284 lsaiae
402 3211 557 3284 dicentis:
572 3209 635 3281 sln
654 3209 708 3281 die
719 3209 776 3280 illa
789 3208 850 3280 erit
863 3209 955 3281 tertia
973 3208 1090 3279 domus
1105 3206 1275 3278 Israelita
1293 3206 1413 3305 Assyrii
1430 3205 1529 3306 primi
1542 3205 1682 3278 ordinati
1697 3218 1773 3280 sunt

202 3346 233 3405 et
252 3333 326 3405 lacti
351 3344 428 3406 sunt
450 3330 675 3432 primogeniti,
696 3328 850 3430 quoniam
874 3327 935 3428 ipsi
959 3327 1102 3429 primum
1122 3325 1301 3399 adorarunt
1321 3352 1382 3427 per
1397 3325 1510 3424 Magos
1530 3352 1640 3422 regem
1661 3353 1774 3398 recens

202 3467 331 3538 natum3
348 3452 553 3553 AEgyptiique
579 3478 651 3522 cum
667 3449 802 3550 Assyriis
819 3449 916 3549 positi
938 3461 1029 3534 sunt,
1051 3447 1205 3548 quoniam
1228 3445 1378 3518 viderunt
1398 3444 1549 3520 eumdem
1566 3443 1711 3548 (regem)
1732 3445 1773 3518 ab

201 3574 363 3647 homicida
383 3572 510 3647 Herode
528 3573 687 3670 fugatum.
707 3570 953 3643 «Occurrerunt
973 3583 1005 3642 et
1023 3581 1234 3669 susceperunt
1251 3595 1327 3640 eum
1343 3566 1513 3668 portende
1529 3567 1627 3641 domo
1645 3567 1661 3639 J
1666 3593 1775 3640 erusa-

203 3695 353 3780 slent„
370 3695 405 3766 in
421 3720 570 3766 numero.
589 3694 672 3765 Cum
691 3693 778 3766 enim
791 3691 832 3764 de
844 3691 986 3764 Jordane
1003 3689 1151 3764 rediisset
1164 3685 1364 3791 (Christus),
1382 3689 1514 3761 adeum
1532 3715 1590 3790 per
1607 3686 1775 3789 Apostolos

203 3829 405 3889 accesserunt
427 3815 586 3915 illumque
611 3825 822 3912 agnoverunt.
846 3814 939 3886 lesus
965 3811 1097 3884 intravit
1117 3812 1306 3911 AEgpptuur,
1324 3809 1449 3910 AEgypti
1473 3809 1561 3882 idola
1588 3835 1719 3882 movens
1743 3823 1776 3881 et

204 3949 364 4022 evertens,
375 3949 408 4010 et
425 3935 558 4038 quidem
574 3961 641 4008 non
656 3935 691 4006 in
706 3962 823 4007 vanum
841 3933 996 4034 quoniam
1012 3933 1081 4033 ipse
1099 3932 1213 4004 clausit
1227 3946 1336 4032 portas
1352 3930 1592 4030 AEgyptiorum,
1607 3929 1775 4029 perdendo

203 4058 446 4160 primogenitos.
467 4058 646 4158 Eaproptcr
663 4054 761 4127 hodie
782 4053 914 4127 intravit
929 4053 1170 4151 Primogenitus
1188 4066 1224 4128 ut
1241 4047 1403 4125 tristitiam
1422 4077 1635 4151 amarumque
1652 4048 1776 4124 luctum

204 4181 356 4264 solveret,
370 4192 403 4252 et
414 4191 465 4263 ut,
482 4189 617 4250 mortem
632 4176 926 4277 primogenitorum
944 4174 1086 4259 solvens,
1101 4201 1155 4248 eos
1171 4173 1212 4246 ad
1228 4173 1325 4246 vitam
1343 4184 1481 4246 vocaret.
1497 4172 1597 4245 Porro
1611 4171 1775 4245 Christum

205 4301 269 4373 diei
286 4299 537 4402 primogenitum
556 4311 691 4370 testatur
708 4297 810 4370 Lucas
826 4294 1045 4394 Evangelista,
1060 4295 1117 4396 qui
1133 4293 1260 4394 scripsit
1274 4293 1454 4394 :sPeperit
1474 4292 1579 4364 lilium
1597 4319 1693 4364 suum
1708 4293 1777 4393 pri-

206 4421 447 4519 emogeniturn,
467 4432 499 4491 ot
516 4419 633 4518 pannis
649 4418 743 4489 illum
763 4415 911 4500 involvit,
930 4430 962 4488 et
983 4415 1092 4517 posuit
1108 4442 1183 4489 eum
1207 4415 1240 4486 in
1263 4414 1441 4515 presepio:
1457 4412 1534 4514 quia
1555 4438 1621 4484 non
1644 4426 1713 4486 erat
1730 4412 1778 4485 eis

205 4541 321 4614 elocus
347 4542 381 4613 in
408 4539 641 4612 diversoriotn
669 4539 756 4636 Magi
780 4537 833 4640 (in
863 4533 1069 4638 speluncam)
1093 4537 1273 4620 intrarunt,
1298 4535 1388 4608 nullo
1417 4533 1594 4634 prehabito
1624 4533 1776 4619 consilio,

206 4663 317 4763 eisque
333 4663 414 4734 lacta
433 4674 480 4733 ost
491 4661 647 4760 templum
662 4671 820 4733 sanctum.
836 4660 923 4732 Deus
933 4657 1064 4730 intravit
1078 4657 1268 4757 AEgyptum,
1285 4669 1337 4740 ut,
1350 4655 1466 4729 veteris
1478 4655 1584 4728 luctus
1596 4655 1683 4742 loco,
1697 4653 1778 4728 laeti-

206 4783 283 4854 tiam
297 4784 441 4864 afferret,
459 4794 507 4867 et,
520 4781 590 4854 loco
608 4780 833 4865 tenebrarum,
849 4779 960 4853 salutis
976 4779 1083 4852 lucem
1096 4777 1293 4850 infunderet.

258 4975 322 5047 llll.
352 4977 510 5076 Corrupto
531 4976 682 5077 loedaque
704 4989 773 5048 erat
790 4975 854 5048 Nili
878 5002 980 5075 aqua,
1000 4974 1109 5074 pueris
1131 4985 1326 5074 praematura
1349 4985 1452 5043 morte
1472 4971 1646 5072 peremptis
1670 4971 1704 5044 in
1728 4997 1776 5042 oa.

208 5095 373 5195 Apparons
392 5097 522 5169 intravit
535 5097 708 5197 AEgyptum
730 5096 788 5196 qui
809 5110 885 5168 tunc
904 5123 1004 5196 equas
1022 5096 1057 5167 in
1077 5095 1267 5192 sanguinem
1288 5093 1438 5179 mutavit,
1455 5119 1573 5192 easque
1594 5091 1698 5164 clloeit
1714 5090 1778 5164 llu-

247 5349 254 5380 ¹
273 5343 363 5410 lauhs,
376 5363 426 5407 ιιι,
444 5351 533 5398 r.-¹
550 5345 608 5400 lbid.
621 5348 664 5400 ab.
678 5351 733 5387 -³
748 5345 807 5400 lbid.
823 5345 950 5400 -ttoe
963 5364 994 5409 ιι,
1012 5363 1035 5416 7.
