4006 6098
278 605 345 676 aar
629 607 799 674 rrrnun
829 603 1228 673 sureuronuonuu
1254 601 1495 670 turanum.
1587 571 1594 578 ’

277 756 421 828 vultum¹
445 756 584 828 mundos
601 782 667 828 non
688 782 772 839 esse,
793 754 937 856 eoquod
963 753 1188 855 unusquisque
1209 767 1355 826 nostrum
1375 752 1482 824 adhuc
1499 753 1630 824 horreat
1651 749 1833 824 exosculari
1844 787 1858 836 ,-

279 903 385 976 nequc
402 875 464 949 hoc
487 877 643 949 sentimus
667 890 704 948 ut
727 876 996 976 impedimentum
1018 874 1132 946 haberi
1154 899 1247 974 posse
1270 871 1381 972 gratim
1402 871 1538 956 coelesti,
1562 899 1635 972 quae
1657 871 1763 944 danda
1786 886 1854 944 est.

279 996 442 1096 Scriptum
461 1011 507 1071 ost
525 997 632 1070 enim:
652 996 797 1070 «Omnia
817 996 939 1068 munda
958 1009 1034 1068 sunt
1053 993 1185 1068 mundis
1196 1000 1247 1066 tn
1264 995 1377 1093 Neque
1394 991 1512 1094 aliquis
1530 1005 1676 1064 nostrum
1699 991 1733 1063 id
1750 993 1858 1064 debet

278 1117 410 1190 horrere
430 1119 518 1220 quod
537 1101 623 1191 [leus
639 1119 790 1216 dignatus
808 1131 856 1189 est
872 1117 987 1189 lacere.
1004 1115 1102 1198 Nam,
1122 1115 1182 1188 etsi
1202 1116 1307 1188 adhuc
1326 1115 1434 1186 intans
1449 1141 1466 1186 a
1484 1126 1579 1214 partu
1598 1112 1731 1184 omnino
1744 1139 1856 1184 novus

279 1251 310 1309 et
325 1252 417 1311 tener
433 1240 488 1322 sit,
508 1265 574 1311 non
590 1252 699 1310 tamen
717 1238 762 1309 ita
781 1250 828 1309 est
847 1250 883 1308 ut
900 1236 1034 1337 quidem
1049 1235 1092 1307 ad
1106 1235 1136 1307 ei
1153 1235 1293 1306 dandam
1308 1233 1445 1332 gratiam
1458 1248 1490 1306 et
1501 1259 1611 1334 pacem
1625 1245 1767 1304 sanctam
1783 1231 1855 1303 ‹tit-

276 1358 452 1434 srcultatem
477 1360 570 1432 illurn
599 1359 767 1432 osculandi
794 1359 934 1458 ingerat,
963 1359 1111 1457 qnando,
1138 1357 1173 1428 in
1201 1357 1270 1458 ipso
1302 1356 1410 1429 osculo
1442 1355 1591 1440 infantis,
1621 1353 1854 1455 unusquisque

277 1493 424 1551 nostrum
447 1482 621 1577 recogitare
643 1480 705 1551 sihi
725 1480 842 1552 debeat
865 1506 898 1551 se
921 1479 1005 1578 ipsas
1028 1477 1134 1549 adhuc
1155 1477 1213 1548 llei
1237 1503 1352 1548 manus
1370 1476 1479 1578 aliquo
1497 1476 1594 1548 modo
1612 1474 1791 1548 deosculari
1812 1475 1851 1546 in

277 1601 336 1671 hoc
351 1598 483 1671 homine
497 1627 583 1672 nunc
596 1601 733 1672 formato
753 1613 785 1671 et
803 1599 1033 1683 aeviternam,
1055 1598 1134 1670 dum
1152 1625 1291 1698 puerum
1307 1624 1404 1700 quem
1425 1597 1510 1668 Deus
1529 1595 1604 1667 lecit
1622 1595 1853 1694 amplectimur

276 1732 309 1790 et
335 1713 570 1792 deosculamur,
590 1719 687 1804 Nam,
710 1720 801 1822 quod·
823 1719 857 1790 in
882 1716 1015 1792 Judaica
1038 1717 1280 1790 circumcisione
1303 1716 1423 1788 carnali
1445 1730 1573 1787 octavus
1599 1713 1668 1786 dies
1696 1713 1852 1786 ohserva-

276 1839 406 1926 batur³,
421 1853 658 1913 sacramentum
676 1854 723 1914 cst
742 1853 778 1912 ut
797 1839 832 1912 in
847 1840 963 1911 umbra
982 1839 1071 1940 prius
1086 1839 1278 1936 figuratum,
1297 1837 1369 1922 sed,
1388 1835 1536 1909 veniente
1555 1835 1698 1919 Christo,
1714 1834 1851 1906 veritate

276 1961 483 2063 completum.
502 1961 582 2034 Nam
595 1962 653 2063 qui
669 1975 797 2035 octavus
812 1960 895 2045 dies,
912 1959 946 2034 id
961 1973 1024 2044 est,
1040 1973 1113 2061 post
1127 1958 1298 2030 sabbatum
1312 1958 1435 2058 primus
1450 1955 1534 2041 dies,
1552 1956 1681 2028 iuturus
1699 1967 1766 2028 erat
1779 1983 1849 2055 quo

277 2081 422 2155 Christus
436 2097 618 2181 resurgeret
632 2099 664 2155 et
679 2110 737 2155 nos
752 2081 926 2155 vivificaret
943 2095 975 2152 ot
991 2079 1269 2152 circumcisionem
1287 2077 1380 2151 nobis
1395 2075 1572 2178 spiritalem
1586 2074 1692 2161 daret;
1705 2074 1759 2148 hic
1777 2077 1849 2148 dies

276 2217 420 2290 octavus,
437 2204 471 2276 id
487 2217 550 2291 est,
563 2217 637 2303 post
653 2203 826 2275 sabbatum
844 2202 968 2302 primus
988 2216 1020 2272 et
1037 2199 1224 2274 Dominicus
1240 2196 1414 2299 imaginem
1429 2196 1618 2299 praemisitl.
1638 2195 1717 2280 011ae
1737 2197 1848 2296 imago

276 2324 398 2426 quievit
422 2337 453 2396 et
479 2323 610 2396 evanuit
635 2322 881 2424 superveniente
900 2321 1108 2422 postmodum
1128 2321 1260 2394 veritate
1278 2333 1310 2392 et
1334 2319 1408 2392 data
1430 2317 1524 2391 nohis
1547 2315 1683 2420 spiritali
1703 2317 1849 2390 circum-

276 2471 407 2518 crsrone.

329 2640 366 2711 V.
394 2638 530 2737 Propter
544 2639 633 2740 quod
646 2639 809 2712 neminem
825 2617 976 2738 putamus
992 2665 1009 2709 a
1025 2638 1127 2735 gratia
1141 2636 1368 2737 consequenda
1383 2633 1627 2735 impediendum
1642 2661 1709 2706 esse
1724 2659 1762 2707 ea
1775 2635 1848 2732 lege

277 2759 318 2832 de
333 2787 397 2860 qua
408 2758 529 2830 dictum
545 2773 607 2844 est,
621 2787 679 2832 nec
692 2759 868 2860 spiritalem
882 2759 1157 2831 circumcisionem
1171 2757 1321 2860 impediri
1334 2755 1455 2828 carnali
1468 2754 1709 2826 circumcisione
1718 2755 1846 2838 deberi,

277 2879 333 2952 scd
348 2905 477 2951 omnem
491 2881 623 2953 omnino
636 2881 801 2953 hominem
815 2906 908 2979 posse
920 2879 1075 2981 consequi
1090 2879 1227 2976 gratiam
1241 2877 1376 2961 Christi,
1391 2875 1521 2976 quando
1536 2889 1567 2947 et
1583 2875 1695 2946 Petrus
1713 2875 1746 2947 in
1761 2877 1847 2948 Actis

277 3000 504 3100 Apostolorum
523 3001 635 3072 doceat
653 3014 684 3072 et
702 3001 811 3073 dicat:
830 3001 941 3072 «Deus
964 3000 1103 3073 ostendit
1124 3000 1206 3071 mihi
1230 3025 1271 3071 ne
1294 3023 1397 3069 unum
1419 2996 1583 3068 hominem
1604 2995 1710 3068 dicere
1735 3023 1849 3067 mecu-

279 3121 405 3193 clatum
421 3134 477 3194 aut
496 3120 762 3194 immundum⁵.n
785 3121 960 3206 Caeterum,
985 3122 1012 3194 si
1030 3121 1180 3194 homines
1198 3119 1356 3220 impedire
1379 3116 1504 3218 aliquid
1523 3116 1565 3189 ad
1585 3117 1847 3190 consecutionem

278 3242 388 3338 gratiae
404 3255 528 3342 posset,
542 3243 645 3341 magis
662 3270 761 3342 quam
780 3270 851 3342 quae
876 3243 918 3315 ad
934 3241 1093 3342 puerilem
1116 3254 1242 3314 aetatem
1260 3239 1439 3340 pertinent,
1461 3238 1591 3339 eosqui
1609 3237 1749 3339 provecti
1772 3251 1849 3310 sunt

278 3361 313 3434 in
335 3388 436 3435 annos
456 3361 612 3462 impedire
636 3375 667 3434 et
692 3363 841 3434 cohihere
863 3376 995 3463 possent
1013 3375 1142 3461 peccata
1162 3361 1318 3458 graviora.
1344 3358 1506 3442 Quoniam
1531 3372 1639 3430 autem
1662 3372 1694 3431 et
1716 3357 1765 3430 illi
1789 3359 1847 3458 qui

278 3481 386 3579 gravia
403 3495 532 3582 peccata
549 3481 758 3581 deliquerunt
773 3483 850 3554 etin
869 3483 974 3554 Deum
993 3494 1067 3554 ante
1084 3482 1220 3580 gratiam
1236 3480 1335 3580 impie
1349 3491 1539 3579 peccarunt,
1559 3504 1632 3551 cum
1648 3491 1761 3580 postea
1776 3505 1847 3550 crc-

279 3602 437 3688 diderint,
455 3602 589 3674 remissa
605 3615 810 3702 peccatorum
826 3603 932 3687 datur,
951 3617 982 3675 et
1004 3630 1024 3676 a
1039 3601 1200 3702 baptismo
1221 3614 1253 3674 et
1274 3628 1292 3674 a
1310 3597 1511 3702 gratia‚(77)
1530 3627 1625 3672 nemo
1643 3598 1847 3699 prohibetur,

280 3734 401 3822 quanto
423 3722 523 3819 magis
544 3723 711 3821 prohiberi
728 3750 795 3796 non
816 3723 913 3796 debet
934 3724 1057 3807 intans,
1077 3721 1134 3823 qui
1157 3749 1269 3796 recens
1287 3735 1384 3794 natus
1404 3721 1486 3793 nihil
1505 3720 1661 3821 peccavit,
1680 3720 1742 3792 nisi
1759 3719 1846 3819 quod

279 3841 459 3916 secundum
476 3841 580 3915 Adam
602 3843 773 3916 carnaliter
791 3857 886 3916 natus
909 3844 1095 3942 contagium
1119 3842 1232 3916 mortis
1255 3842 1362 3942 prima
1384 3841 1549 3914 nativitate
1568 3840 1740 3924 corrtraxit,
1760 3840 1848 3941 quod

280 3962 412 4064 quidem
430 3963 472 4035 ad
490 3963 655 4036 remissam
672 3977 878 4062 peccatorum
897 3992 971 4038 eurn
990 3991 1027 4037 eo
1046 3963 1173 4036 facilius
1190 3963 1339 4036 admovet
1360 3961 1450 4062 quod
1471 3961 1519 4034 illi
1540 3960 1762 4044 remittuntur,
1780 3987 1846 4034 non

279 4084 427 4184 propria,
441 4083 498 4156 sed
516 4083 622 4156 aliena
638 4098 781 4184 peccata.
907 4085 910 4092 ’

331 4296 383 4367 vl.
411 4297 452 4367 Et
472 4296 609 4382 idcirco,
624 4298 723 4372 irater
745 4299 923 4382 carissime,
939 4297 1007 4369 haec
1025 4295 1086 4368 luit
1110 4296 1146 4367 in
1166 4294 1300 4368 concilio
1323 4307 1431 4367 nostro
1455 4287 1666 4378 sententia,a
1687 4292 1847 4394 baptismo

281 4431 313 4488 ct
330 4444 348 4487 a
366 4417 466 4514 gratia
485 4417 619 4502 Christi,
636 4419 692 4518 qui
709 4419 861 4491 omnibus
883 4417 1071 4490 homiuibus
1095 4416 1275 4488 misericors
1294 4429 1326 4487 et
1342 4414 1503 4512 benignus
1521 4427 1552 4487 et
1572 4415 1646 4514 pius
1661 4427 1724 4498 est,
1741 4413 1849 4485 nerni-

281 4564 356 4608 nem
373 4564 432 4638 per
447 4564 506 4608 nos
525 4539 642 4610 debere
658 4539 835 4639 prohiberi.
852 4538 949 4622 Quod
967 4566 1039 4611 cum
1060 4537 1142 4608 circa
1159 4538 1325 4610 universos
1343 4535 1578 4608 observandum
1594 4535 1635 4607 sit
1655 4548 1750 4633 atque
1770 4534 1849 4604 reti-

281 4657 442 4740 nendum,
459 4670 528 4729 tum
546 4659 648 4755 magis
663 4659 744 4730 circa
763 4659 902 4732 infantes
920 4658 1005 4759 ipsos
1023 4657 1201 4731 tenendum
1219 4672 1251 4729 et
1268 4683 1344 4754 erga
1363 4683 1475 4730 recens
1491 4669 1583 4728 natos
1601 4652 1850 4727 custodiendum

281 4790 444 4878 putamus.
464 4778 530 4861 Qui
547 4777 680 4876 quidem
699 4778 738 4850 dc
758 4806 835 4850 cura
854 4794 962 4851 nostra
981 4795 1012 4853 et
1030 4780 1173 4861 decreto,
1195 4805 1230 4848 ac
1250 4777 1290 4849 de
1308 4777 1416 4850 divina
1438 4775 1659 4850 misericordia
1676 4775 1851 4872 largiorem

280 4899 391 4994 gratim
412 4897 600 4970 effusionem
621 4912 786 4970 merentur
808 4898 897 4998 quod
915 4899 948 4971 in
971 4899 1075 5000 primo
1095 4898 1202 4970 statim
1221 4898 1392 4970 nativitatis
1409 4911 1481 4970 ortu
1499 4897 1663 4998 plorantes
1681 4923 1717 4967 ac
1734 4893 1850 4966 flentes

282 5018 364 5090 nihil
379 5017 469 5090 aliud
485 5017 606 5090 laciunt
622 5047 719 5119 quam
738 5019 962 5118 deprecantur.

318 5267 325 5296 ¹
345 5263 382 5320 sd
398 5265 505 5320 litteram
522 5266 708 5322 simulitudinem.
721 5271 777 5308 -2
798 5265 842 5321 Tit.
859 5286 881 5330 r,
901 5267 941 5322 r5.
956 5271 1016 5308 —-³
1036 5265 1072 5321 dd
1087 5267 1194 5321 litteram
1214 5268 1239 5320 in
1259 5277 1341 5321 octona
1358 5266 1404 5321 die.
1419 5299 1456 5308 -
1474 5267 1485 5302 ⁴
1505 5265 1629 5321 stoemaar't
1643 5267 1668 5318 in
1685 5263 1792 5336 imagine
1808 5262 1851 5316 lat.

281 5353 395 5412 editores.
408 5361 465 5400 -Λ
483 5356 536 5413 Act.
552 5377 579 5422 x,
593 5359 635 5414 28.
