3982 6082
709 1238 1190 1353 PROOEMIUM.

221 1816 409 1894 Annorum
432 1826 515 1890 ante
536 1812 699 1920 quinque
721 1821 758 1889 et
777 1839 836 1889 sex
856 1809 986 1902 lustra,
1006 1809 1117 1888 semel
1136 1821 1172 1888 et
1191 1813 1323 1889 iterum
1343 1809 1600 1920 perambulans
1612 1808 1739 1906 aulas,

163 1959 284 2055 xystos
312 1957 347 2023 et
372 1945 521 2024 exedras
545 1943 661 2020 Musei
680 1942 894 2033 Britannici,
915 1944 1010 2020 inter
1030 1941 1145 2020 multa
1166 1971 1247 2049 quae
1271 1953 1421 2021 tenuere
1444 1971 1503 2020 me
1529 1943 1740 2041 attonitum,

163 2075 327 2139 mirabar
341 2073 705 2144 wdimdlltrlcmco‘,
718 2095 842 2161 nuper
851 2073 1478 2162 chvammdervgw-offmm.
1491 2073 1743 2167 utqneopima

166 2191 280 2299 spolia
294 2217 376 2266 cum
395 2187 626 2295 imperatorio
640 2184 839 2292 Anglorum
856 2197 1032 2294 apparatu
1048 2200 1229 2294 receptos,
1244 2189 1381 2295 priscos
1399 2202 1434 2266 et
1449 2218 1577 2281 novos,
1589 2189 1738 2282 nitidos,

165 2320 276 2400 veluti
297 2347 424 2398 recens
444 2319 611 2425 scriptos,
629 2326 666 2393 et
679 2327 762 2425 post
773 2315 871 2395 mille
888 2327 924 2394 et
941 2315 1040 2425 quod
1056 2318 1214 2395 excurrit
1228 2317 1426 2396 lustrorum
1447 2349 1612 2412 usuram,
1630 2351 1740 2400 aurea

165 2462 352 2531 venustate
374 2448 537 2541 floridos,
560 2447 781 2557 voluptatem
802 2431 975 2527 intuentis
993 2447 1151 2555 augebat
1170 2449 1375 2528 humanitas
1396 2463 1431 2529 et
1453 2451 1617 2530 alacritas
1637 2453 1742 2532 Guil-

165 2582 265 2661 lelmi
282 2580 484 2671 Garatonii,
507 2607 617 2688 quem
637 2580 814 2686 optimum
834 2579 970 2669 virum,
988 2579 1076 2656 beul
1099 2581 1203 2657 citius
1220 2579 1347 2659 litteris
1365 2592 1402 2660 et
1417 2583 1541 2660 amicis
1556 2596 1739 2692 ereptum,

168 2725 303 2792 norunt
320 2739 444 2790 omncs
463 2709 631 2787 omnibus
649 2708 808 2801 facilem,
831 2708 977 2788 obvium
997 2723 1032 2788 et
1051 2738 1246 2788 amoenum.

222 2844 293 2922 Nec
318 2845 402 2922 satis
426 2853 504 2921 erat
532 2840 687 2947 eleganti
714 2840 853 2918 custodi
879 2869 1033 2920 annosas
1058 2842 1288 2921 membranas
1315 2871 1434 2921 coram
1460 2873 1519 2923 me
1544 2845 1738 2953 explicare,

167 2975 387 3066 describere,
407 2974 659 3081 introspicere,
680 2971 743 3051 sed
763 2971 844 3050 laeto
866 3001 924 3051 me
945 2974 1100 3080 hospitio
1122 2969 1309 3082 receptum
1332 2976 1529 3055 introduxit
1549 2977 1584 3053 in
1608 3005 1740 3054 arcana

165 3104 380 3214 penetralia,
398 3133 440 3182 ac
458 3114 638 3183 reservata
656 3105 800 3210 aperuit
816 3105 946 3182 scrinia
962 3116 999 3182 et
1015 3103 1181 3196 schedas,
1198 3107 1235 3182 in
1254 3105 1386 3213 quibus
1404 3107 1459 3184 vel
1478 3109 1627 3185 minima
1641 3119 1741 3186 vete-

165 3265 248 3315 rum
261 3237 478 3344 scriptorum
490 3233 679 3325 lemmata,
695 3232 877 3311 codicibus
890 3235 1105 3341 AEgyptiacis
1118 3237 1268 3326 inserta,
1284 3237 1498 3315 emicabant.
1512 3237 1627 3315 Etiam
1643 3266 1740 3316 nunc

166 3379 313 3446 tenena
339 3395 397 3444 me
420 3367 636 3471 rescriptum
657 3366 830 3473 pinguem
857 3363 1068 3456 elenchum,
1089 3394 1131 3443 cx
1152 3393 1225 3472 quo
1251 3379 1334 3445 ante
1360 3367 1425 3444 bos
1450 3370 1596 3474 triginta
1626 3396 1739 3446 annos

167 3498 326 3605 excerpsi
342 3506 377 3575 et
390 3495 527 3604 publici
536 3497 629 3602 juris
644 3495 711 3574 leci
725 3494 905 3604 prolixum
919 3495 1077 3576 indicem
1087 3508 1312 3588 sanctorum,
1329 3527 1485 3606 quorum
1502 3512 1736 3577 monumenta

167 3629 265 3736 apud
290 3627 423 3736 Coptos
450 3628 620 3719 existunt,
646 3626 733 3704 dum
758 3625 885 3705 Studiis
908 3627 1127 3735 quibusdam
1147 3629 1183 3707 io
1205 3629 1288 3707 Actu
1308 3649 1494 3707 sanctorum
1519 3627 1740 3706 Bolluodiaua

165 3755 357 3866 prologum
375 3757 613 3865 praeligerem.
637 3756 733 3848 Quin
752 3759 864 3836 immo
883 3757 1062 3837 Melitonis
1082 3759 1313 3867 splendidum
1333 3757 1423 3837 illud
1453 3758 1643 3862 κειμήλιον
1662 3762 1738 3864 jam

167 3887 277 3996 praelo
301 3889 549 3980 commissum,
568 3889 623 3967 vir
649 3890 901 3994 magnanimus
927 3889 1023 3968 ultro
1048 3891 1138 3968 mibi
1163 3891 1351 3980 concessit,
1374 3900 1414 3967 ut
1435 3890 1590 3997 primam
1618 3889 1737 3969 lucem

167 4020 204 4096 in
225 4018 341 4096 fronte
358 4019 446 4096 tomi
465 4017 493 4095 ll
514 4015 688 4124 Spicilcgii
703 4016 915 4096 Solemscasis
933 4022 1121 4129 reciperet.

224 4148 295 4226 Sed
313 4160 354 4228 ut
371 4149 522 4228 candide
545 4149 670 4242 latear,
693 4179 765 4257 quo
784 4149 892 4228 ditior
916 4179 1032 4242 eram,
1051 4153 1159 4230 etiam
1179 4162 1260 4258 post
1280 4151 1494 4259 opulentum
1519 4151 1611 4230 illud
1630 4149 1740 4254 Spiri-

168 4280 291 4384 lcgium
304 4277 480 4386 &lucum
496 4280 543 4359 ad
563 4293 658 4359 astra
677 4281 885 4372 serendum,
904 4309 946 4361 eo
963 4282 1075 4388 magis
1092 4280 1277 4359 inhiabam
1293 4295 1438 4361 cataras
1459 4310 1544 4391 opes
1565 4295 1600 4360 et
1618 4311 1736 4388 gazas,

167 4439 249 4517 quae
273 4410 372 4489 haud
395 4412 471 4489 sine
494 4413 705 4490 inexhausto
730 4413 935 4520 spectaculo
958 4413 1025 4492 sub
1047 4411 1160 4491 oculis
1184 4411 1397 4492 habueram.
1415 4412 1479 4492 Vel
1504 4426 1585 4520 post
1604 4412 1737 4492 multos

167 4569 280 4619 annos
301 4542 444 4620 incessit
468 4544 557 4620 mihi
579 4572 715 4621 novum
736 4543 973 4634 desiderium,
992 4573 1107 4652 quum
1129 4543 1348 4623 adornandis
1369 4545 1515 4622 Patrum
1537 4544 1738 4622 Antenicae-

167 4699 298 4750 norum
316 4672 522 4750 ἀνεκδότοις
543 4703 691 4752 manum
708 4675 864 4754 admovi.
881 4674 959 4752 Jam
981 4675 1048 4753 sub
1069 4675 1179 4782 praelo
1201 4675 1371 4754 currebat
1391 4687 1510 4752 tomus
1533 4675 1624 4753 alter
1643 4675 1737 4752 Anu-

168 4803 339 4895 lcctoram;
354 4807 430 4908 jam
449 4833 668 4884 accesseram
687 4805 734 4884 ad
751 4805 935 4914 Hippolyti
956 4807 1106 4885 Romani
1123 4808 1344 4897 armeniaca;
1362 4834 1475 4912 quum
1493 4805 1737 4885 scrutandam

167 4963 225 5012 me
241 4933 352 5012 direxi
371 4934 417 5012 ad
438 4933 610 5014 dilectum
625 4935 817 5015 Paulinum
835 4938 1050 5030 Martiuum,
1070 4965 1201 5043 urgens
1218 4949 1258 5015 ut
1271 4965 1502 5044 quocumque
1523 4938 1640 5045 pretio
1656 4964 1737 5013 meo

167 5064 332 5144 Muscam
345 5065 593 5146 Britannicum
607 5066 740 5160 adiret,
756 5068 1014 5178 colligeretque
1028 5083 1194 5178 prompta
1211 5080 1248 5148 et
1260 5067 1421 5176 diligenti
1434 5097 1545 5148 manu
1560 5067 1739 5179 quidquid

169 5222 211 5271 ex
228 5194 465 5275 Antenicaenis
482 5197 649 5276 Patribus
667 5200 704 5277 in
722 5199 961 5279 orientalibus
979 5200 1110 5308 pluteis
1130 5210 1344 5307 superesset.
1362 5199 1532 5278 Paulinus
1550 5228 1649 5278 naeus
1668 5197 1739 5275 ala-

168 5327 292 5405 critate
317 5341 352 5405 et
375 5331 543 5409 comitate
564 5329 654 5408 alter
678 5331 766 5408 mihi
790 5331 1252 5437 luitCu1·et0nius,neque
1276 5331 1440 5439 improbo
1465 5331 1597 5422 labori,
1620 5357 1738 5436 neque
