4006 6098
539 592 739 660 SANCTUS
769 593 1032 688 entecnius
1062 591 1440 661 rannemundus.
1706 593 1773 659 377

204 741 336 842 vinique
361 755 556 841 potatorem,
580 744 637 843 qui
664 744 708 814 ita
730 745 826 815 sentit
848 741 960 846 (121)
982 744 1187 816 convincetur
1213 743 1251 814 iis
1277 771 1349 843 quae
1374 742 1512 814 dicenda
1536 754 1637 814 sunt:
1657 743 1777 814 «Venit

206 866 255 936 all
257 865 331 936 ilius
346 863 490 935 hominis
507 877 543 934 ut
563 864 775 936 manducaret
796 879 827 937 et
847 864 973 936 biberet
986 869 1035 937 ¹.»
1054 864 1226 947 Quomodo
1245 865 1317 964 quis
1333 863 1466 937 audebit
1484 862 1590 936 dicere
1611 863 1703 935 illum
1720 891 1777 936 nce

205 985 418 1057 manducasse
435 1011 495 1056 nec
510 982 649 1055 bibisse?
665 985 732 1055 Hoc
749 999 831 1056 esset
849 985 936 1084 quod
955 986 1022 1085 ipse
1038 985 1149 1058 docuit
1168 1014 1233 1058 nou
1249 985 1390 1058 credere.

259 1171 295 1242 Β.
325 1171 428 1243 Etiam
456 1170 654 1241 circumcisio
680 1197 744 1269 qua
768 1171 975 1243 circumcisus
1000 1186 1047 1244 est
1073 1199 1138 1243 non
1164 1172 1300 1270 impedit
1322 1197 1381 1242 nos
1403 1172 1509 1243 dicere
1533 1199 1666 1272 corpus,
1685 1173 1779 1246 nobis

207 1291 327 1376 simile,
347 1291 569 1363 circumcisum
589 1289 696 1362 luisse.

205 1547 208 1552 ,
261 1469 296 1540 C.
326 1465 487 1540 Omnibus
518 1480 631 1538 notum
657 1481 719 1551 est,
746 1482 875 1567 propter
902 1468 1112 1568 praeputium,
1140 1467 1416 1540 circumcisionem
1449 1468 1635 1568 requisitam
1665 1470 1779 1556 luisse,

210 1589 297 1662 unde
315 1587 513 1660 circumcisio
532 1588 730 1660 conlunderc
749 1589 948 1661 adversaries
970 1603 1090 1689 potest,
1110 1589 1168 1689 qui
1184 1616 1300 1688 corpus
1317 1588 1478 1688 spiritale,
1498 1589 1588 1689 quod
1607 1590 1691 1662 lerro
1712 1604 1781 1662 ter-

209 1711 301 1782 restri
323 1710 546 1782 circumcisum
563 1710 760 1794 luerit,‘non
779 1710 885 1783 valent
900 1711 1080 1783 ostendere.
1098 1711 1305 1810 Quapropter
1329 1711 1424 1782 multi
1441 1739 1507 1783 non
1523 1710 1690 1810 dedignati
1706 1726 1783 1784 sunt

209 1831 347 1904 scribere
371 1830 411 1902 de
435 1831 594 1930 praeputio
623 1844 720 1930 atque
742 1831 774 1902 in
801 1831 884 1903 illud
906 1845 1058 1903 tractatus
1083 1857 1292 1931 componere,
1312 1844 1348 1902 ut
1370 1831 1577 1904 ostenderent
1602 1833 1635 1904 id
1658 1834 1782 1906 naturis

210 1951 432 2054 spiritualibus
450 1951 571 2024 deesse.
588 1952 652 2024 Nec
673 1953 770 2051 paulo
788 1952 895 2032 minus
913 1953 982 2024 istis
1000 1966 1192 2051 premuntur
1207 1952 1264 2053 qui
1285 1952 1397 2024 dicunt
1413 1979 1529 2051 eorpus
1547 1952 1666 2024 Christi
1683 1953 1782 2028 luisse

210 2074 361 2146 animale.
382 2073 471 2146 Idem
489 2074 596 2174 ipsum
617 2075 705 2146 enim
731 2088 778 2146 cst
799 2074 892 2146 nobis
913 2073 1050 2146 dubium
1069 2074 1110 2146 de
1135 2074 1293 2172 sanguine
1317 2087 1349 2146 et
1367 2101 1452 2174 aqua
1475 2101 1547 2173 quae
1567 2073 1730 2147 fluxerunt
1747 2099 1801 2148 ex¹

210 2195 297 2268 illius
315 2195 430 2278 latere,
448 2195 580 2295 quando
598 2195 712 2267 lancea
731 2223 749 2267 a
768 2195 909 2296 quodam
930 2195 1031 2268 milite
1049 2209 1198 2295 apertum
1218 2195 1289 2266 luit.
1310 2195 1360 2266 llli
1381 2222 1454 2268 vero
1471 2195 1528 2295 qui
1545 2195 1701 2268 intellexit
1713 2198 1782 2295 jam

211 2317 311 2402 dicta,
330 2317 400 2388 loca
428 2317 590 2390 clavorum
616 2317 650 2388 in
676 2343 809 2418 corpore
837 2318 906 2416 ejus
933 2317 995 2389 sita
1020 2316 1195 2389 ostendunt
1219 2316 1282 2416 ipsi
1305 2316 1403 2388 luisse
1423 2344 1530 2388 veram
1550 2344 1697 2400 carnem,
1716 2345 1783 2391 non

212 2452 320 2510 autem
334 2465 461 2511 carnem
480 2437 622 2510 divinam
639 2437 757 2509 ictibus
771 2440 982 2538 superiorem.

263 2633 304 2706 D.
331 2633 387 2718 Et,
400 2660 473 2705 cum
488 2633 556 2705 huc
572 2633 616 2705 ita
633 2660 668 2706 se
682 2634 839 2729 habeant,
852 2660 918 2707 non
933 2634 1142 2734 respiciemus
1155 2633 1196 2705 ad
1213 2633 1338 2734 eosqui
1354 2631 1466 2705 dicunt
1482 2632 1574 2704 illum
1592 2633 1634 2706 ad
1649 2633 1785 2706 existen-

212 2755 289 2826 tiam
303 2756 425 2826 venissc
437 2781 497 2854 per
509 2755 660 2840 Mariam,
673 2755 730 2827 sed
744 2783 810 2828 non
825 2783 894 2828 esse
909 2781 945 2828 cr
956 2753 1074 2841 Maria,
1086 2769 1122 2828 ut
1135 2769 1219 2828 certe
1232 2753 1353 2826 Paulus
1369 2755 1461 2826 docet
1475 2753 1604 2827 dicens:
1619 2752 1785 2837 «Quando

210 2877 322 2948 renim
345 2877 430 2948 venit
448 2876 617 2976 plenitudo
643 2890 843 2976 temporum,
864 2876 950 2948 misit
972 2876 1058 2949 Deus
1077 2876 1196 2948 Filium
1221 2902 1334 2960 suum,
1354 2875 1412 2975 qui
1433 2876 1496 2947 luit
1518 2903 1553 2948 ex
1578 2874 1731 2959 muliere,
1750 2888 1782 2946 et

211 2997 354 3069 constitit
370 2997 431 3070 sub
449 2996 536 3094 lege,
554 3009 589 3068 ut
609 3023 664 3068 eos
682 2997 738 3094 qui
757 2995 817 3068 sub
835 2996 906 3093 lege
924 3009 1016 3068 erant
1034 3001 1215 3068 emcreth
1235 2996 1305 3068 Non
1321 2996 1400 3067 dixit
1417 2995 1594 3068 enimcum
1611 2994 1782 3094 luisseper

211 3117 397 3202 mulierem,
414 3117 470 3190 sed
487 3144 523 3189 ex
540 3117 688 3188 muliere.

262 3301 300 3372 E.
329 3299 433 3372 Simul
453 3316 562 3373 autem
580 3313 735 3399 tanquam
757 3300 945 3400 apparentia
970 3311 1172 3400 reputantur.
1190 3299 1286 3383 Quod
1306 3301 1392 3372 enim
1415 3300 1558 3372 creditur
1575 3327 1643 3372 esse
1659 3326 1732 3371 caro
1754 3312 1785 3372 et

212 3433 346 3521 apparet
373 3421 505 3494 cuilibet
531 3422 654 3494 bomini
678 3448 747 3493 esse
770 3448 860 3507 caro,
880 3449 951 3492 cum
976 3449 1040 3492 non
1065 3421 1106 3493 sit
1127 3421 1168 3493 de
1193 3436 1309 3493 natura
1333 3421 1452 3505 earnis,
1475 3421 1557 3493 nibil
1578 3418 1667 3492 aliud
1686 3448 1783 3520 quam

214 3542 402 3641 apparentia
420 3555 599 3642 reputatur.

967 3795 1035 3868 Vll

671 3969 712 4030 ΙΝ
738 3968 1094 4032 ANNUNCIATIONEM
1119 3968 1305 4030 nutriam
1315 3963 1335 4030 ³.

269 4147 292 4220 Ι.
323 4149 426 4220 Hodie
450 4147 601 4221 laudibus
621 4149 757 4247 angelici
782 4150 983 4224 adornantur
1005 4149 1112 4232 chori,
1129 4149 1349 4249 adventusque
1368 4147 1485 4221 Christi
1503 4145 1656 4248 splendor
1674 4146 1786 4220 lideles

216 4269 390 4341 illuminat.
411 4269 516 4341 Hodie
539 4271 647 4342 laetum
670 4299 734 4355 ver,
752 4271 913 4354 Christus,
934 4273 981 4342 sol
1003 4271 1152 4370 justitiae,
1173 4270 1345 4371 splendido
1375 4297 1432 4342 nos
1458 4269 1581 4342 lumine
1604 4269 1787 4352 collustrat,

217 4390 364 4463 fidelium
391 4407 515 4464 mentes
541 4392 712 4463 irradians.
736 4391 842 4464 Hodie
866 4391 968 4463 Adam
994 4405 1166 4464 renovatur
1195 4406 1227 4464 et
1252 4391 1383 4464 choreas
1409 4417 1482 4462 cum
1505 4390 1635 4489 Angelis
1663 4389 1729 4488 agit
1752 4390 1787 4461 in

218 4512 334 4584 eoelum
355 4512 494 4585 avolans.
517 4513 621 4585 Hodie
644 4511 742 4584 totius
765 4512 851 4584 orbis
873 4513 986 4584 incolae
1005 4513 1045 4584 de
1068 4513 1208 4585 adventu
1225 4512 1343 4585 Christi
1367 4513 1408 4586 ad
1430 4537 1485 4585 eos
1507 4511 1660 4610 gaudent.
1682 4511 1788 4583 Hodie

176 4605 190 4634 ⁰
219 4630 326 4704 divina
344 4633 445 4731 gratia
463 4660 599 4734 spesque
615 4632 826 4704 invisibilium
839 4634 1011 4732 allulgcnt,
1023 4632 1243 4734 miraculaque
1256 4633 1353 4706 simul
1363 4634 1590 4730 cogitationem
1601 4630 1788 4732 superantia

220 4753 422 4837 exhibentur,
433 4755 552 4854 quibus
563 4755 902 4854 mysteriumasaeculo
914 4755 1108 4827 occultatum
1118 4755 1201 4827 clare
1213 4754 1306 4827 nobis
1317 4754 1551 4827 manifestatur.
1566 4753 1672 4825 Hodie
1680 4751 1788 4823 virtuti

219 4899 378 4972 perennes
408 4889 582 4947 nectuntur
606 4902 742 4947 coronae.
765 4875 927 4976 Principes
954 4874 1173 4961 sacerdotum,
1197 4903 1383 4948 sermonum
1407 4874 1679 4974 festivitatumque
1702 4899 1790 4944 ama-

221 5003 322 5077 tores,
334 5007 426 5065 rectae
443 4994 519 5068 fidei
535 4997 672 5069 cultores
686 4997 773 5068 Deus
787 5023 941 5069 coronare
957 4997 1065 5069 volens
1078 5010 1205 5070 vocatos
1223 5011 1255 5070 et
1266 4995 1411 5069 haeredes
1424 4995 1603 5080 constituit,
1617 4994 1658 5066 ad
1676 5018 1791 5094 super-

259 5261 266 5292 ¹
287 5256 364 5312 Mart.
377 5277 414 5324 rr,
428 5279 469 5334 ¹9·
480 5268 537 5304 -2
556 5263 596 5318 Aa
608 5263 721 5329 Galatas,
738 5281 769 5328 vr,
786 5266 815 5326 tr,
831 5265 855 5318 ὕ.
866 5267 925 5304 ,a
945 5264 1005 5319 Vide
1021 5263 1111 5318 Petrel.
1125 5265 1167 5321 Gr.
1183 5263 1217 5318 x.
1231 5263 1277 5318 col.
1293 5243 1751 5336 11t5.cterttmdi,iti‹t.oot97i
1767 5269 1792 5316 ct

223 5351 352 5415 bllatium,
366 5353 410 5407 cel.
427 5355 593 5409 raoB-raar.
677 5425 679 5433 y
