3990 6092
709 509 911 576 SANCTUS
942 511 1158 578 lRENAEUS.
1654 519 1720 584 303

196 657 328 730 lnutiles
349 657 481 757 quidem
498 675 564 728 non
579 670 655 728 sunt
673 657 706 730 bi
731 685 858 740 sensus,
881 687 939 732 nec
962 661 1140 733 frustranea
1165 663 1279 745 verba,
1304 689 1375 762 quae
1396 653 1555 746 dicendis,
1574 665 1720 764 proemii

143 780 254 862 imtar,
268 778 583 878 praemissa„habent
598 791 705 850 tamen
725 807 798 851 cum
815 782 905 880 prius
924 783 1073 880 expositis
1092 761 1358 855 convenientiam.

195 901 310 974 a'l'unc
328 899 495 972 accessit.»
514 899 606 999 Saepe
624 901 740 1000 saepius
761 902 911 974 virtutem
928 904 1038 975 mirari
1062 903 1235 987 debemus,
1256 930 1322 976 non
1338 904 1443 976 solum
1458 904 1499 978 ob
1522 908 1719 1007 exemplum,

142 1023 196 1092 sed
216 1022 312 1093 etiam
332 1033 454 1092 attento
480 1034 641 1121 ternpore;
668 1022 798 1120 qualem
828 1050 895 1094 osse
923 1023 1043 1108 dicam,
1070 1023 1158 1095 verbi
1182 1025 1301 1121 gratia,
1330 1039 1558 1124 praematurum
1578 1029 1719 1100 lructum

142 1169 224 1225 uvae,
247 1156 303 1215 aut
328 1142 395 1224 lici,
424 1153 479 1214 aut
499 1141 588 1214 aliud
612 1141 842 1243 quodcumque
867 1172 1018 1244 pomum,
1046 1172 1148 1244 aquo
1171 1145 1366 1244 pubescente
1390 1173 1485 1219 nemo
1501 1151 1719 1222 maturitatem

142 1265 255 1363 querit
273 1275 329 1335 aut
345 1263 469 1335 fructus
486 1263 726 1362 perfectionem.
746 1264 832 1336 Licet
848 1291 921 1337 vero
937 1266 1160 1366 imperfectum
1183 1266 1332 1338 nonnihil
1355 1266 1471 1367 aliquis
1489 1269 1524 1339 in
1543 1295 1581 1340 eo
1596 1270 1718 1354 videat,

141 1385 267 1456 acinum
286 1399 394 1456 tamen
411 1383 599 1484 decerptum
611 1409 676 1456 non
694 1386 834 1484 spernit,
849 1387 942 1485 quasi
953 1387 1120 1470 inutilem,
1139 1387 1196 1458 sed
1208 1387 1255 1458 uti
1267 1401 1497 1487 praematurum
1509 1403 1718 1488 apparentem

140 1505 269 1604 arripit,
290 1532 349 1577 nec
374 1505 512 1577 attendit
538 1533 578 1576 an
598 1506 709 1577 acinus
729 1506 869 1605 perlecta
892 1507 1032 1604 gaudeat
1054 1507 1219 1579 suavitate.
1249 1508 1318 1579 lmo
1340 1507 1498 1606 extemplo
1521 1509 1718 1608 voluptatem

140 1625 216 1699 inde
234 1627 364 1725 accipit,
384 1653 421 1698 eo
441 1625 529 1726 quod
556 1627 647 1725 prius
664 1626 719 1698 ille
740 1653 840 1725 quam
859 1628 964 1699 caeteri
989 1641 1152 1728 appareat.
1179 1627 1300 1700 Eodem
1320 1629 1417 1701 modo
1439 1643 1470 1702 et
1493 1630 1595 1712 Deus,
1615 1657 1716 1730 quum

139 1747 224 1820 videt
246 1746 358 1820 fideles
376 1746 567 1846 sapientiam
590 1746 665 1818 licet
690 1747 909 1846 imperfectam
928 1747 1084 1820 habentes
1105 1777 1142 1820 ac
1166 1749 1324 1820 modicam
1352 1750 1465 1833 tidem,
1487 1751 1636 1834 minime,
1653 1750 1718 1822 hu-

136 1867 278 1964 jusmodi
305 1869 479 1968 respiciens
509 1868 685 1950 delectum,
714 1894 769 1939 eos
796 1868 869 1940 ideo
893 1869 1010 1966 rejicit,
1043 1869 1121 1968 quin
1150 1871 1231 1948 imo,
1262 1869 1309 1941 uti
1341 1883 1551 1968 praematuros
1574 1872 1715 1954 fructus,

138 1989 257 2061 blande
276 1989 392 2061 salutat
415 2003 448 2061 et
469 1989 598 2088 excipit,
625 2001 656 2059 et
674 1989 813 2060 honorat
834 1990 976 2060 animam
995 1989 1174 2089 quamlibet
1193 1991 1326 2073 virtute,
1346 1990 1419 2061 licet
1439 1990 1528 2061 haud
1551 1990 1713 2074 absoluta,

139 2111 323 2207 insignitam
335 2109 400 2211 (32
410 2109 438 2212 ),
450 2109 598 2206 indulget
608 2109 652 2192 ei,
668 2122 780 2209 utpote
793 2111 826 2180 in
835 2109 1009 2209 prodromo
1022 2111 1223 2192 consistenti,
1236 2137 1373 2210 eamque
1387 2110 1493 2208 diligit
1505 2113 1581 2211 quia
1595 2113 1716 2183 caveris

137 2233 330 2331 promptior,
347 2230 608 2304 benedictionem
627 2229 689 2301 sibi
707 2231 799 2330 quasi
814 2233 1058 2331 praeoccupavit.

190 2353 363 2453 Propterea
378 2352 556 2432 Abraham,
575 2352 662 2423 lsaac
680 2364 711 2422 et
725 2351 840 2434 Jacob,
855 2364 962 2452 patres
978 2354 1094 2436 nostri,
1111 2379 1176 2453 pra
1191 2353 1342 2426 omnibus
1355 2353 1536 2425 demirandi
1551 2366 1642 2438 sunt,
1659 2355 1716 2453 qui

138 2473 256 2547 sedicet
274 2488 343 2546 tum
366 2475 507 2575 primum
525 2473 651 2546 virtutis
674 2473 818 2574 exempla
839 2473 1010 2546 dederunt.
1036 2473 1124 2558 Quot
1143 2488 1219 2546 sunt
1245 2488 1400 2574 martyres
1423 2474 1550 2548 Danieli
1572 2475 1716 2547 similes?

138 2598 240 2681 Quot,
257 2597 408 2696 inquam,
428 2608 582 2695 martyres
598 2595 706 2667 aemuli
723 2595 821 2668 trium
837 2595 996 2669 Juvenum
1015 2598 1048 2668 in
1069 2596 1249 2696 Babylone,
1267 2605 1406 2696 quorum
1422 2609 1531 2668 tamen
1547 2595 1660 2670 eadem
1679 2624 1715 2668 ac

137 2717 267 2789 illorum
290 2744 356 2789 non
374 2731 421 2788 est
439 2715 663 2790 commendata
682 2717 861 2789 memoria?
884 2715 950 2790 llli.
976 2717 1137 2818 siquidem
1155 2717 1303 2818 primitiae
1326 2745 1361 2790 ac
1379 2717 1555 2819 primordia
1583 2717 1714 2788 luerunt

135 2839 257 2912 messis.
275 2839 359 2912 Hinc
375 2839 462 2912 Deus
472 2839 568 2936 jussit
586 2837 714 2909 illorum
736 2838 832 2922 vitam
846 2837 1000 2924 describi,
1016 2867 1033 2910 a
1051 2839 1324 2940 subsequentibus
1341 2840 1543 2946 imitarydam.

186 2961 242 3044 tt,
261 2965 306 3032 sic
322 2958 410 3060 apud
426 2960 530 3032 Deum
554 2959 654 3058 accipi
674 2959 839 3040 virtutem,
862 2972 898 3028 ut
919 2986 1036 3056 nempe
1053 2959 1216 3030 fructuum
1234 2959 1406 3058 primitias,
1424 2959 1501 3029 audi
1518 2959 1711 3058 ipsummet:

136 3081 215 3154 «Uti
233 3110 343 3166 uvam,
356 3082 477 3180 inquit,
495 3080 527 3151 in
544 3080 669 3152 deserto
685 3080 793 3151 inveni
810 3079 922 3162 lsrael,
940 3093 971 3151 et
986 3081 1068 3150 sicut
1084 3081 1161 3150 licos
1178 3091 1388 3178 praematuras
1404 3086 1564 3180 ¹npatres
1582 3093 1711 3152 vestros.

135 3203 247 3302 ltaque
260 3229 324 3273 non
340 3199 445 3272 solum
462 3201 588 3271 beatam
606 3198 743 3299 praedica
759 3198 855 3269 tidem
874 3197 1025 3282 Abrabae,
1042 3197 1118 3297 quia
1135 3200 1280 3272 credidit.
1294 3199 1389 3271 Visne
1405 3198 1566 3272 Abraham
1578 3201 1714 3272 mirari?

135 3322 265 3393 lntuere
280 3348 345 3421 quo
364 3334 456 3420 pacto
473 3321 520 3390 vir
537 3346 639 3402 unus,
662 3346 734 3390 cum
754 3320 786 3390 in
808 3318 932 3390 mundo
950 3320 1088 3390 sexcenti
1106 3346 1215 3392 errore
1234 3321 1543 3403 contaminarentur,
1557 3321 1710 3419 pietatem

135 3441 223 3514 solus
245 3441 421 3540 agnoverit.
448 3441 543 3512 Visne
565 3453 600 3510 ut
626 3453 655 3510 te
679 3440 712 3510 in
735 3452 901 3538 stuporem
929 3439 1043 3511 Daniel
1071 3441 1197 3540 rapiat?
1220 3442 1349 3513 lntuere
1375 3437 1574 3540 babylonem
1605 3440 1711 3522 illam,

135 3563 215 3634 llore
230 3563 380 3662 fastuque
393 3561 566 3662 impietatis
584 3559 841 3662 superbientem,
860 3561 990 3661 illicque
1012 3589 1123 3634 omnes
1142 3563 1273 3634 omnino
1293 3576 1421 3661 peccato
1445 3562 1654 3662 mancipatos.
1673 3564 1713 3634 At

135 3682 189 3754 ille
208 3709 244 3754 ex
263 3684 328 3754 imo
345 3709 528 3780 emergens,
548 3681 796 3754 amaritudinem
819 3683 992 3784 exspuebat
1008 3695 1214 3783 peccatorum
1233 3696 1264 3754 et
1281 3684 1316 3754 in
1338 3681 1448 3754 dulces
1465 3683 1594 3783 pietatis
1611 3710 1712 3784 aquas

135 3804 283 3900 immergi
294 3802 459 3902 gestiebat.
473 3801 629 3875 Similiter
644 3816 674 3875 et
690 3830 777 3874 nunc
790 3802 875 3875 circa
886 3801 974 3875 illam
989 3803 1130 3876 filiorum
1141 3803 1288 3876 Zebedaei
1304 3817 1457 3888 matrem,
1472 3803 1540 3874 noli
1558 3802 1712 3875 duntaxat

135 3925 168 3995 in
187 3953 224 3996 ea
239 3924 350 3996 mirari
363 3953 435 4024 quae
449 3925 557 3996 locuta
575 3925 686 4008 luerit,
706 3924 763 3996 sed
781 3937 813 3995 et
836 3924 875 3996 de
898 3938 1041 4024 temporo
1061 3953 1126 4025 quo
1145 3926 1212 3995 baec
1235 3924 1359 3996 dixerit.
1383 3923 1601 4008 Quandonam
1624 3923 1711 3995 enim

134 4045 266 4118 accessit
289 4045 330 4118 ad
352 4043 626 4146 Redemptorem?
647 4043 717 4117 Non
741 4059 815 4144 post
838 4045 1122 4130 resurrectionem,
1140 4072 1247 4144 neque
1269 4058 1342 4144 post
1365 4045 1627 4145 pradicationem
1646 4071 1710 4116 no-

136 4168 231 4240 minis
245 4169 330 4266 ejus,
345 4195 451 4267 neque
465 4181 538 4267 post
556 4167 825 4238 instaurationem
836 4166 927 4262 regni
942 4168 1027 4264 ejus,
1044 4167 1101 4237 sed
1116 4167 1248 4266 quando
1265 4166 1423 4238 Dominus
1441 4166 1561 4238 diceret
1577 4198 1585 4237 ι
1606 4165 1710 4236 allece

138 4289 366 4361 «ascendimus
389 4288 662 4386 Hierosolymam,
686 4299 718 4356 et
737 4287 837 4359 Filius
854 4287 996 4358 hominis
1013 4287 1159 4359 tradetur
1175 4286 1384 4387 pontificibus
1409 4301 1441 4357 et
1458 4286 1588 4368 scribis,
1609 4301 1640 4358 et
1656 4313 1711 4358 oc-

135 4411 268 4484 ccident
287 4439 380 4494 eum,
400 4422 431 4482 et
449 4410 541 4481 tertia
560 4409 612 4480 die
630 4413 837 4506 resurget².n

187 4531 262 4603 Haec
280 4531 425 4605 Salvator
442 4530 483 4602 de
495 4523 644 4630 passione
661 4531 820 4601 enarravit
837 4543 867 4601 et
888 4528 928 4600 de
947 4556 1055 4612 cruce;
1071 4529 1121 4601 his
1139 4529 1334 4629 predicebat
1346 4528 1546 4628 passionem,
1566 4555 1624 4600 nec
1638 4555 1709 4600 eam

134 4677 193 4750 per
207 4653 377 4751 pontifices
393 4651 535 4724 loturam
555 4676 622 4722 esse
641 4649 921 4751 probrosissimam
941 4649 1148 4722 diffitebatur.
1166 4649 1206 4721 At
1224 4649 1279 4721 illa
1300 4649 1394 4720 aliter
1408 4648 1556 4720 audierat
1574 4648 1614 4720 do
1632 4677 1708 4748 pas-

134 4772 263 4845 sionum
289 4773 538 4873 dispensatione.
559 4771 704 4844 Salvator
727 4785 865 4846 mortem
888 4771 1143 4873 praenuntiabat3
1171 4785 1202 4842 et
1217 4771 1273 4842 illa
1299 4769 1548 4842 immortalitatis
1572 4771 1707 4868 gloriam

133 4891 328 4989 postulabat.
340 4893 511 4966 Asserebat
525 4892 683 4964 Dominus
699 4893 877 4966 sistendum
893 4919 961 4965 esse
978 4892 1040 4966 sibi
1058 4919 1165 4964 coram
1183 4892 1291 4991 impiis
1304 4891 1486 4988 judicibus3
1502 4905 1534 4962 at
1547 4889 1603 4962 illa
1615 4890 1708 4988 judi-

135 5011 176 5082 cii
194 5011 286 5084 istius
304 5013 483 5097 immemor,
499 5027 681 5112 tanquama
695 5013 806 5112 judice
826 5001 1031 5112 requirebat:
1048 5014 1137 5092 rDa,
1149 5012 1272 5112 inquit,
1286 5025 1320 5083 ut
1338 5011 1396 5082 ttii
1413 5011 1475 5082 mei
1491 5011 1543 5083 isti
1558 5012 1705 5094 sedeant,

173 5281 179 5314 ¹
202 5281 273 5344 Osce,
288 5301 323 5341 ιι,
342 5300 381 5335 ro.
397 5285 454 5320 -¹
474 5281 548 5335 uait.
565 5302 603 5348 ιι,
624 5284 664 5336 ι8.
