3990 6092
688 594 890 663 SANCTUS
920 595 1218 663 HIPPOLYTUS.
1674 597 1739 663 3¹5

165 744 345 846 umbraque
364 741 578 842 splendidam.
601 745 657 816 Hae
675 746 760 817 eninr
778 773 890 818 omnes
910 744 1169 844 pulchritudines
1187 743 1370 817 adventitio
1385 759 1506 816 suntet
1521 744 1563 816 ab
1580 760 1677 817 extra.
1695 745 1742 816 lta

165 867 251 938 anim
270 891 304 937 se
323 891 438 936 ornare
454 865 536 937 solet
551 865 768 939 mendacium.

221 987 276 1058 rb.
306 985 356 1058 orl
371 986 497 1058 deserto
516 986 702 1060 Dellatha.n
718 987 793 1061 Hac
809 988 958 1060 Dellatha
976 1002 1024 1060 est
1039 987 1176 1088 Daphne
1193 987 1253 1060 sita
1268 987 1310 1059 ad
1328 986 1412 1058 latus
1432 986 1618 1059 Antiochia.

214 1193 273 1248 vu,
293 1165 325 1237 6.
356 1164 468 1236 «Finis
486 1165 572 1236 venit
588 1192 686 1266 super
702 1179 731 1237 te
750 1181 781 1238 et
801 1164 913 1238 doloro
932 1165 1042 1238 afflixit
1058 1179 1107 1238 te.
1126 1219 1135 1238 .
1152 1165 1264 1238 ,Venit
1280 1191 1378 1264 super
1400 1177 1431 1236 te
1452 1165 1583 1250 Hirrus,
1606 1166 1661 1266 qui
1681 1165 1744 1237 ha-

165 1285 270 1358 ubitat
297 1299 431 1368 terram,
456 1285 543 1357 venit
565 1299 734 1386 ternpus‚n
756 1285 789 1357 id
813 1300 876 1365 est.
901 1300 957 1357 aut
986 1285 1198 1385 babylonium
1230 1285 1288 1384 qui
1312 1285 1563 1356 commaculatus
1590 1299 1638 1358 est
1663 1287 1746 1358 siout

161 1407 272 1478 hircus
288 1433 347 1506 per
365 1419 488 1506 septem
507 1420 652 1508 tempora
671 1405 711 1478 dc
725 1435 762 1479 eo
779 1405 879 1490 dicto,
897 1421 952 1478 aut
963 1405 1189 1490 Nebuzardan‚
1200 1405 1379 1506 principem
1396 1405 1585 1490 satellitum,
1598 1407 1655 1508 qui
1671 1407 1745 1478 civi-

165 1542 263 1600 tatem
279 1528 489 1627 expugnavit,
506 1542 596 1599 vocat
615 1527 759 1600 Hircum.

223 1675 278 1722 1o.
308 1649 547 1746 «Egressushest
565 1649 723 1732 Hircus‚n
739 1648 773 1720 id
796 1664 857 1732 ost,
878 1649 1019 1721 ascendit
1038 1663 1149 1722 contra
1174 1675 1239 1721 vos.
1261 1646 1411 1720 «Floruit
1431 1647 1536 1745 virga,
1555 1650 1746 1748 germinavit

166 1769 447 1870 «opprobriumm
467 1768 500 1839 id
516 1781 579 1852 est,
594 1770 663 1866 jam
678 1767 815 1840 vindicta
831 1769 892 1840 illis
908 1768 1082 1840 imminens
1100 1782 1156 1840 est.

222 1918 277 1961 11.
307 1889 490 1988 elniquitas
512 1891 648 1960 surrevit
675 1889 708 1959 in
724 1889 812 1986 virga
835 1889 1051 1988 impietatis„
1071 1888 1205 1973 scilicet,
1232 1888 1338 1985 attigit
1360 1887 1519 1987 populum
1544 1903 1744 1989 peccatorem

164 2038 260 2110 poena
285 2023 491 2110 peccatorum
519 2010 617 2082 iltius.
644 2011 739 2082 aNon
768 2039 803 2082 ev
830 2011 891 2094 eis,
915 2037 1021 2110 neque
1047 2037 1083 2082 ox
1112 2009 1345 2094 commotione,
1364 2037 1472 2109 neque
1497 2037 1533 2082 ex
1556 2013 1743 2111 operatione

166 2158 341 2204 aeorum.»
361 2131 436 2203 Haec
452 2130 529 2202 dicit
546 2145 583 2202 ut
599 2131 748 2203 ostendet
764 2131 959 2232 Babylonios
978 2159 1043 2204 non
1063 2131 1164 2229 egisse
1178 2145 1306 2204 tantum
1324 2131 1440 2202 virtute
1454 2157 1522 2202 sua.

222 2281 277 2324 12.
307 2252 426 2324 «Venit
448 2266 591 2353 tempus,
612 2254 883 2354 appropinquavit
904 2253 994 2340 smis3
1019 2255 1073 2353 qui
1093 2253 1236 2355 possidet
1257 2280 1322 2324 non
1346 2251 1483 2335 laetetur,
1508 2253 1613 2352 etqui
1635 2253 1744 2325 vendit

167 2399 257 2444 enon
275 2372 422 2471 lugeatn
438 2373 513 2445 llaec
531 2375 575 2447 ait
588 2375 628 2446 dc
644 2375 848 2448 lostinatio'ne
864 2401 1035 2475 quacuma
1052 2373 1183 2474 captivis
1200 2373 1340 2445 oblaturi
1359 2373 1671 2472 sunt-possessiones
1687 2374 1744 2472 qui

83 2520 84 2523 ’
166 2522 219 2566 eos
238 2494 270 2565 in
289 2495 503 2594 captivitatem
520 2497 660 2568 trahent.

222 2615 278 2687 16.
309 2616 372 2687 «Et
389 2616 600 2689 salvabuntur
621 2645 657 2688 er
677 2618 724 2714 cis
742 2631 773 2690 et
791 2629 887 2690 erunt
908 2617 941 2689 in
964 2615 1130 2688 montibus
1154 2615 1247 2714 quasi
1266 2613 1422 2686 columba
1441 2615 1474 2686 in
1500 2614 1743 2686 columbariis„

166 2735 241 2807 llaec
264 2735 416 2807 dicuntur
435 2737 476 2809 de
500 2739 612 2838 paucis
634 2739 690 2838 qui
706 2738 766 2810 vivi
786 2736 1025 2837 relinquentur.
1044 2735 1166 2834 quique
1185 2749 1415 2834 comparantur
1432 2734 1590 2806 columbis
1614 2761 1745 2832 gemen-

166 2857 251 2929 tibus
269 2857 303 2929 in
317 2857 535 2930 columbariis.

158 2979 167 2994 ⁶
222 3007 344 3078 17-19.
375 2979 522 3052 «Omnes
539 3006 656 3051 manus
672 2977 930 3050 dissolventur...
943 2994 1115 3076 argentum
1131 3005 1227 3050 suum
1245 2979 1279 3048 in
1296 2978 1419 3077 plateas
1437 2977 1631 3076 projicietur.
1643 3007 1659 3046 a
1671 2975 1746 3048 llaee

165 3101 318 3173 dicuntur
329 3102 368 3172 de
383 3100 494 3172 dolore
506 3102 562 3200 qui
579 3101 683 3172 veniet
696 3127 793 3198 super
804 3126 874 3181 eos,
887 3113 1033 3198 tempore
1044 3099 1234 3198 captivitatis
1250 3125 1379 3182 eorum3
1400 3125 1515 3169 manus
1529 3098 1616 3170 enim
1631 3125 1745 3171 eorum

165 3221 420 3294 infirmabuntur
438 3236 469 3293 et
487 3222 637 3294 decident
651 3248 717 3320 praa
741 3220 901 3302 tumultu,
925 3246 1032 3319 neque
1054 3219 1170 3292 divitiae
1190 3216 1321 3290 illorum
1344 3231 1499 3318 poterunt
1519 3246 1573 3291 eos
1594 3220 1743 3292 liberare.

167 3343 231 3413 «Et
248 3343 357 3414 omnia
376 3369 481 3440 genua
499 3342 602 3413 lluent
622 3341 757 3440 aquis,n
773 3340 807 3410 id
826 3353 889 3421 cst,
917 3339 1087 3412 stillabunt
1106 3339 1257 3434 sudorem
1274 3365 1341 3438 prae
1356 3337 1468 3412 dolore
1484 3353 1517 3412 et
1534 3340 1660 3411 timore.
1681 3338 1746 3412 lle-

165 3461 271 3533 braeus
285 3488 359 3532 voro
376 3462 477 3533 dicit:
499 3459 642 3532 «Omnia
661 3461 787 3532 femora
805 3459 1057 3531 maculabantur
1074 3457 1305 3530 humiditate.»

222 3583 279 3654 ab.
309 3583 373 3655 «Et
400 3581 559 3654 adducam
582 3582 728 3680 gentium
755 3594 898 3682 pastores
920 3596 957 3653 ut
979 3580 1165 3681 possideant
1187 3577 1299 3650 domos
1319 3592 1476 3652 vestras.»
1499 3579 1647 3651 Pastores
1671 3579 1747 3652 dicit

167 3731 258 3799 reges
275 3701 537 3801 babyloniorum.
559 3703 776 3775 «Convertam
793 3703 828 3774 in
843 3699 1091 3774 humilationem
1111 3701 1310 3800 captivorum
1328 3699 1537 3800 splendorem
1551 3701 1745 3801 potentium.

168 3824 231 3894 «Εἰ
246 3837 391 3923 quaerent
408 3825 563 3897 visionem
583 3823 671 3926 (to)
685 3824 726 3896 de
741 3824 900 3924 propheta
916 3825 1071 3896 mendace
1081 3879 1089 3907 ‚
1101 3835 1133 3894 et
1146 3802 1212 3896 non
1228 3822 1448 3894 invenietur.»
1462 3821 1525 3894 Lex
1541 3821 1628 3895 enim
1644 3849 1747 3894 sacer-

168 3945 250 4028 doti,
270 3946 352 4017 sicut
372 3959 405 4018 et
426 3946 612 4046 prophetica
631 3946 726 4030 visio,
746 3945 987 4017 inconfusione
1006 3945 1197 4044 captivitatis
1216 3943 1377 4028 interibit,
1392 3972 1430 4016 eo
1447 3945 1535 4043 quod
1554 3971 1619 4015 non
1635 3943 1676 4016 sit
1691 3943 1748 4044 qui

168 4093 238 4137 eam
257 4066 497 4166 interpretetur.

217 4281 289 4337 vm,
311 4283 340 4324 r.
371 4253 433 4325 «Et
447 4253 569 4325 lactum
587 4267 634 4325 est
651 4253 685 4324 iu
703 4280 789 4324 anno
805 4265 907 4336 sexto,
924 4253 956 4323 in
976 4267 1062 4324 sexto
1080 4279 1233 4334 monse,o
1253 4278 1370 4351 nempe
1388 4251 1480 4348 regni
1497 4249 1655 4324 Joacbim.

224 4405 254 4446 1.
285 4372 448 4446 adlevavit
461 4402 512 4447 me
525 4375 657 4474 spiritus
671 4373 755 4444 inter
768 4387 887 4445 terram
904 4387 935 4445 ct
948 4371 1063 4445 coelum
1074 4386 1106 4444 ct
1121 4372 1253 4444 adduvit
1271 4400 1323 4444 mo
1339 4373 1372 4444 in
1382 4371 1561 4446 Jerusalem
1574 4371 1608 4444 in
1621 4371 1743 4445 visione

168 4496 290 4570 valleio
309 4497 356 4568 Do
372 4497 486 4597 spiritu
505 4496 682 4598 prophetia,¹
696 4497 842 4596 loquitur
859 4497 916 4597 qui
933 4497 1066 4570 elevavit
1081 4497 1280 4569 intellectum
1299 4497 1402 4581 illius3
1423 4524 1488 4568 non
1508 4496 1593 4568 enim
1612 4496 1744 4569 abstulit

168 4645 241 4692 eum
259 4645 391 4718 corpore
408 4617 465 4690 scd
481 4618 516 4689 in
531 4618 729 4692 visioncDei.
748 4617 864 4691 aluxta
878 4619 995 4691 ostium
1007 4619 1158 4704 interius,
1174 4617 1264 4719 quod
1278 4617 1468 4720 respiciebat
1484 4617 1525 4689 ad
1539 4618 1742 4718 aquilonem,

168 4739 248 4809 aubi
275 4754 344 4811 erat
369 4753 523 4811 statutum
549 4738 673 4811 idolum
699 4739 796 4812 zeli.»
823 4739 925 4824 Sane,
957 4739 1044 4812 testis
1070 4739 1238 4837 cujusdam
1264 4739 1375 4823 instar,
1396 4739 1569 4839 quoniam.
1594 4737 1745 4835 imaginis

166 4873 283 4930 sancta.²
300 4859 359 4931 Dei
370 4861 458 4943 loco,
471 4859 613 4932 fecerant
623 4860 685 4933 sibi
698 4861 759 4961 ipsi
773 4862 859 4933 hanc
867 4861 1044 4960 imaginem
1059 4861 1263 4933 immundam
1275 4875 1306 4932 et
1318 4859 1406 4932 idola
1420 4858 1535 4931 ludaei.
1548 4857 1624 4930 llaec
1639 4872 1744 4931 statua

166 5005 263 5078 porro
282 4979 393 5052 similis
411 4995 479 5053 erat
489 4981 624 5080 imagini
637 4981 765 5053 cuidam
785 4981 1049 5082 quaehabebatur
1066 4983 1154 5055 testis
1171 4983 1273 5053 instar
1289 4980 1489 5053 venditorem
1507 4981 1592 5052 inter
1609 4993 1640 5052 et
1652 5008 1747 5081 emp·

165 5112 287 5184 torem,
302 5102 480 5176 seeundum
499 5103 589 5204 quod
606 5103 748 5176 fecerant
765 5101 864 5174 Jacob
878 5116 909 5174 et
924 5102 1046 5175 bahan.

220 5249 254 5319 7,
279 5249 334 5293 tt.
365 5221 428 5294 «Et
444 5223 621 5296 introduxit
636 5253 687 5296 me
716 5224 757 5294 ad
777 5223 896 5295 ostium
920 5225 1004 5295 atrii.
1025 5225 1065 5296 Et
1082 5223 1164 5308 vidi,
1182 5238 1213 5296 et
1237 5249 1309 5295 ecco
1331 5222 1477 5295 foramen
1498 5251 1599 5294 unum
1626 5223 1658 5294 in
1681 5249 1744 5324 pa-

169 5342 283 5414 arietc.
299 5343 336 5414 ΕΙ
351 5341 496 5414 lerenius
509 5344 593 5415 filius
605 5344 736 5444 Saphan
752 5343 856 5416 stabat
869 5345 902 5416 in
918 5345 1024 5417 mcdio
1039 5373 1151 5418 corum
1167 5359 1198 5418 ct
1213 5344 1416 5442 septuaginta
1432 5343 1490 5416 viri
1506 5343 1546 5416 de
1564 5344 1746 5416 senioribus
