4006 6098
251 533 319 598 1¹02
596 529 772 595 errauit
806 527 1206 593 ANTENIGAENORUM
1241 525 1476 592 rosunum.

251 707 350 780 (quam
367 707 463 750 suave
482 679 642 754 balsama,
660 677 878 777 possederint,
892 677 1092 776 spiritualem
1107 676 1292 775 adoptionis
1304 676 1548 776 promissionem
1565 676 1817 749 haereditabunt!

251 803 456 899 Quicumque
480 799 625 897 Deiparae
641 798 929 870 Annuntiationem
949 795 1113 869 celebrant
1132 797 1227 897 plene
1254 796 1357 881 nilve,
1374 797 1477 894 gratia
1499 797 1621 898 plenae
1639 797 1672 869 in
1695 825 1819 871 merce-

251 922 324 992 dem
340 921 506 1020 recipient.
520 918 657 1018 Oportet
674 947 733 991 nos
749 919 848 1016 igitur
862 919 946 991 hanc
963 918 1165 990 festivitatem
1184 917 1361 1000 celebrare,
1378 919 1532 1016 quoniam
1551 919 1671 1016 gaudio
1689 933 1721 992 et
1738 919 1820 991 larti-

250 1044 294 1114 tia
313 1042 446 1141 replevit
463 1040 571 1112 omnia
594 1041 676 1112 loca.
697 1042 780 1138 Ergo
802 1040 1001 1113 celebremus
1027 1066 1097 1110 eam
1119 1039 1265 1139 psalmis,
1282 1038 1425 1136 hymnis,
1446 1040 1642 1138 canticisque
1664 1042 1819 1140 spiritua-

250 1164 334 1236 libus
344 1218 455 1237 .....
477 1161 632 1234 Omnium
650 1165 737 1235 enim
751 1164 914 1235 bonorum
934 1163 1068 1234 nuntius
1085 1162 1147 1232 luit
1163 1161 1374 1233 Annuntiatio
1391 1161 1525 1232 «Gratia
1544 1161 1640 1261 plena
1651 1194 1678 1234 n.

247 1327 251 1334 ⁴
301 1340 337 1411 V.
368 1339 450 1412 Hinc
471 1339 565 1411 nobis
588 1339 800 1436 intelligibilis
820 1339 900 1410 lucis
917 1353 1088 1411 coruscant
1103 1339 1261 1436 fulgores!
1281 1338 1364 1410 Hinc
1379 1339 1544 1438 sapientire
1559 1335 1670 1440 (153)
1688 1340 1818 1410 immor-

250 1461 445 1562 talitatisque
465 1462 537 1532 lons
560 1461 710 1544 scaturit,
728 1460 880 1561 limpidas
900 1473 931 1532 et
951 1488 1049 1560 puras
1070 1461 1197 1561 pietatis
1216 1461 1387 1532 effusiones
1410 1459 1558 1560 praebens
1567 1515 1680 1536 .....
1701 1460 1816 1544 Porro,

249 1611 322 1654 curn
339 1583 379 1654 ad
393 1582 558 1680 Virginem
576 1582 710 1654 haecvox
727 1581 921 1681 pervenisset
941 1583 1044 1666 advo,
1062 1581 1166 1678 gratia
1183 1581 1323 1680 plenae,
1340 1580 1498 1681 extemplo
1520 1573 1663 1654 introivit
1676 1581 1816 1654 Verbum

248 1705 281 1775 in
298 1704 541 1776 immaculatum
557 1717 674 1776 sanctae
687 1703 826 1802 Virginis
842 1703 1016 1804 templum,
1029 1702 1252 1803 inundataque
1267 1716 1314 1774 est
1328 1730 1418 1774 mens
1432 1706 1500 1804 ejus
1516 1703 1611 1776 simul
1628 1731 1699 1775 cunr
1716 1731 1817 1775 mern-

247 1825 338 1898 bris:
361 1825 447 1898 stetit
474 1854 509 1897 er
532 1826 665 1897 adverso
688 1839 803 1897 natura
829 1824 1085 1925 concubitusque
1103 1824 1233 1924 procul,
1252 1838 1401 1924 stupens,
1419 1823 1629 1896 considerans
1653 1826 1816 1925 quomodo

248 1961 369 2018 natura
390 1946 548 2018 Dominus
570 1974 636 2018 rem
656 1973 756 2046 supra
778 1959 927 2018 naturam
951 1945 1142 2019 mirabiliter
1166 1960 1355 2045 operaretur
1380 1945 1413 2016 in
1435 1973 1570 2045 corpore
1589 1947 1731 2044 virginis.
1756 1946 1817 2018 Por

247 2096 318 2168 quae
335 2083 428 2139 antea
447 2095 505 2140 nos
520 2068 695 2168 impetebat
711 2066 883 2148 Diabolus,
901 2094 961 2168 per
977 2067 1095 2139 borum
1114 2065 1274 2138 contraria
1290 2094 1348 2139 nos
1364 2067 1503 2139 restituit
1518 2067 1673 2140 Christus.

297 2243 349 2314 Vl.
378 2244 612 2316 Conuenienter
638 2243 738 2338 igitur
759 2244 802 2314 ad
825 2257 969 2315 sanctum
986 2243 1150 2342 Virginem
1175 2242 1271 2314 missa
1302 2257 1348 2314 est
1370 2243 1488 2340 gratia,
1509 2242 1661 2344 quoniam
1686 2242 1815 2314 brevem

245 2364 327 2436 hauc
347 2363 591 2462 explicationem
608 2363 708 2435 habet
730 2364 920 2462 evangelicae
934 2364 1076 2436 bistoriae
1097 2364 1255 2436 verbum:
1276 2363 1412 2436 ablense
1429 2376 1535 2447 serto,
1553 2364 1668 2434 missus
1686 2377 1733 2435 est
1754 2365 1816 2436 Ga-

118 2571 123 2578 ,
245 2484 351 2556 «Ιπίοἰ
378 2484 513 2582 angelus
535 2484 578 2555 ad
601 2485 756 2581 virginem
778 2485 955 2584 quamdam
980 2485 1207 2584 desponsatam
1232 2485 1299 2556 viro
1322 2485 1373 2556 cui
1401 2511 1520 2557 nornen
1544 2497 1612 2556 erat
1638 2485 1774 2584 loseph,
1798 2513 1815 2559 o

245 2606 367 2678 «domo
386 2605 503 2689 David,
518 2620 550 2677 et
562 2632 681 2678 nomeu
695 2605 828 2702 virginis
839 2605 942 2678 Maria
955 2611 976 2676 ¹.
989 2637 1004 2674 e
1018 2607 1125 2688 Nunc,
1141 2606 1264 2705 primus
1277 2607 1397 2678 mensis
1412 2620 1459 2678 est
1470 2606 1525 2678 ille
1543 2607 1576 2678 in
1589 2633 1654 2706 quo
1668 2607 1709 2678 ad
1722 2633 1815 2678 sanc-

244 2742 309 2799 tam
320 2726 485 2822 Virginem
498 2726 640 2823 Angelus
652 2727 766 2798 missus
780 2741 837 2799 est.
854 2727 969 2820 Sextus
982 2753 1057 2800 vero
1069 2727 1205 2812 mensis,
1216 2728 1336 2800 mensis
1349 2741 1397 2800 est
1408 2729 1625 2827 conceptionis
1638 2727 1811 2801 Elisabeth.

244 2847 357 2918 blerito
370 2847 469 2944 igitur
482 2861 591 2918 sancta
604 2847 700 2946 Virgo
715 2875 750 2919 cr
765 2875 883 2946 genere
896 2848 999 2920 David
1013 2861 1081 2920 erat
1098 2861 1129 2920 et
1147 2848 1337 2920 bethlehem
1353 2851 1456 2948 patria
1469 2848 1642 2948 gaudebat.
1655 2849 1811 2950 losepho,

243 2968 421 3040 secundum
443 2968 616 3068 parentele
633 2967 737 3067 legeS,
746 2971 834 3068 juste
853 2969 913 3040 luit
931 2969 1141 3070 desponsata,
1156 2983 1195 3041 ut
1211 2968 1373 3070 losepbus
1393 2982 1475 3042 esset
1495 2984 1601 3042 custos
1623 2969 1710 3042 illius
1723 2973 1814 3070 cujus

243 3089 416 3161 vocabatur
432 3116 585 3189 sponsus,
603 3117 675 3162 cum
692 3089 832 3188 Virginis
850 3091 1046 3162 intemerata
1060 3091 1311 3191 incorruptionis
1329 3104 1411 3162 esset
1427 3105 1598 3191 protector.

295 3266 363 3338 Vll.
392 3265 492 3338 Valde
510 3267 606 3338 etiam
621 3293 802 3364 congruum
815 3268 913 3340 rebus
933 3283 980 3340 est
998 3295 1117 3340 nornen
1131 3283 1247 3341 sanctae
1260 3268 1415 3366 Virginis,
1430 3269 1583 3368 quoniam
1603 3267 1703 3339 Maria
1722 3295 1813 3339 voea-

243 3388 350 3472 batur,
365 3388 454 3488 quod
466 3387 642 3460 illumnatio
659 3389 900 3488 interpretatur.
918 3390 1007 3472 Ouid
1024 3390 1110 3460 enim
1127 3389 1200 3462 luce
1213 3391 1402 3489 virginitatis
1419 3389 1597 3488 fulgidius?
1610 3389 1815 3490 Quapropter

242 3523 274 3580 et
289 3509 437 3580 virtutem
456 3508 621 3608 appellant
641 3510 797 3606 virginem
821 3512 876 3609 qui
898 3525 1020 3582 creatus
1037 3511 1216 3610 uoluptates
1239 3511 1433 3584 desiderant.
1451 3513 1490 3583 At
1508 3511 1534 3582 si
1552 3524 1676 3583 tantum
1695 3525 1742 3582 est
1760 3538 1815 3582 eor

243 3629 361 3700 babere
381 3631 574 3728 virgineum,
592 3644 714 3729 quanto
734 3631 848 3702 melius
866 3645 914 3702 est
934 3646 966 3703 et
983 3658 1100 3732 corpus
1117 3633 1238 3704 babere
1258 3631 1438 3732 quodcum
1462 3633 1577 3732 spiritu
1598 3633 1812 3729 uirginitatem

242 3751 390 3822 coluerit!
408 3750 454 3822 lta
467 3751 564 3848 Virgo
577 3765 687 3824 sancta
705 3752 738 3823 in
755 3777 851 3822 carne
867 3751 1116 3852 incorruptionis
1132 3753 1227 3825 vitam
1241 3753 1365 3824 vivebat
1384 3753 1533 3854 dictaque
1551 3753 1591 3824 ab
1605 3753 1720 3850 angelo
1736 3779 1813 3824 con-

242 3871 379 3942 lidenter
393 3872 581 3972 accipiebat.
598 3871 709 3972 (154)

1016 4126 1042 4198 V

390 4293 431 4355 IN
453 4293 760 4358 sutiurnrlonuu
782 4295 920 4358 MARIAE
942 4297 994 4358 Al)
1018 4295 1241 4359 ELISABETH
1262 4299 1312 4376 ET
1333 4299 1374 4359 IN
1395 4299 1667 4361 selutruunsu

555 4490 559 4499 .
587 4439 629 4492 AC
646 4381 904 4496 raorniricun
920 4439 1065 4496 SANGTAE
1080 4441 1241 4496 vinoinls
1256 4441 1465 4497 carricent

241 4645 245 4654 ·
291 4607 314 4676 l.
344 4608 435 4678 Nunc
456 4608 637 4679 audivimus
654 4609 846 4708 praeclarum
862 4609 986 4681 sterilis
1004 4637 1186 4682 sermonem
1204 4611 1245 4682 ad
1267 4612 1426 4684 blariarn:
1448 4611 1644 4684 «Benedicta
1669 4637 1702 4682 es
1723 4624 1758 4683 tu
1776 4611 1809 4682 iu

239 4726 518 4799 «mulieribusn»
537 4728 576 4798 Ar
596 4728 770 4801 illustriora
791 4730 926 4801 vicissim
949 4745 1059 4802 sancta
1078 4731 1174 4827 Virgo
1197 4732 1364 4829 prolocuta
1386 4746 1433 4804 est
1451 4733 1562 4807 verbu.
1584 4732 1810 4832 canticumque
1883 4829 1886 4832 Ι

237 4848 413 4944 gratiarum
434 4847 568 4920 actionis
591 4849 680 4921 suavi
702 4849 862 4948 theologia
887 4851 1041 4921 refertum
1064 4851 1131 4921 Deo
1150 4851 1332 4950 proterens,
1353 4881 1426 4925 cum
1451 4853 1593 4953 antiquis
1611 4879 1693 4924 nova
1714 4879 1810 4923 enar-

235 4993 327 5050 rans,
342 4995 416 5039 cum
433 4965 471 5038 ii's
489 4996 561 5069 quae
580 4997 597 5040 a
616 4968 731 5041 seculo
752 4983 827 5041 sunt
848 4996 885 5040 ea
906 4997 978 5070 quea
999 4970 1031 5040 in
1053 4969 1243 5044 saeculorum
1265 4974 1541 5046 consummatione
1563 4987 1716 5046 eventura
1733 4987 1810 5044 sunt

236 5085 431 5184 predicans,
442 5091 530 5161 breui
542 5117 690 5162 sermone
704 5090 891 5188 mysterium
905 5090 1025 5162 Christi
1040 5093 1272 5194 recapitulavit.
1283 5095 1335 5167 Ait
1349 5109 1455 5167 auteur
1468 5095 1589 5168 Maria:
1607 5094 1808 5166 «Benedicat

274 5301 280 5329 ¹
302 5297 359 5350 Luc.
376 5317 395 5358 r,
410 5303 458 5360 nti,
474 5319 517 5372 ²²7·
533 5333 567 5342 -
579 5307 587 5335 ²
601 5303 661 5356 Vicle
677 5301 767 5359 l'ntrol.
782 5303 824 5356 Gr.
840 5302 872 5360 ll,
888 5304 935 5357 col.
957 5305 1026 5358 sitit
1040 5307 1067 5359 C.
1081 5335 1116 5345 —
1133 5309 1142 5338 ³
1158 5305 1215 5360 Luc.
1229 5327 1250 5369 r,
1269 5309 1311 5360 lin.
