3990 6092
722 536 923 606 SANCTUS
952 536 1202 606 tnlsrtbos.
1673 540 1747 610 '283

177 713 214 759 ex
227 713 264 758 eo
283 683 791 786 quodmundusetomniaquar
809 685 982 760 inmundo
1000 698 1076 760 sunt
1093 686 1280 762 necessitate
1298 686 1393 786 vique
1416 701 1581 784 regantur,
1602 677 1748 762 omnium

177 819 332 880 rectorem
354 821 386 880 et
408 805 626 880 ordinatorem
646 833 715 880 esso
737 806 863 880 Deum:
882 806 921 880 iis
943 807 1032 882 enim
1054 807 1206 884 omuibus
1223 834 1296 907 quae
1317 806 1503 906 diriguntur
1526 823 1558 882 et
1579 821 1750 884 moventur

176 927 290 1002 fortior
306 940 353 1001 est
370 941 485 1000 rector.

227 1103 267 1181 ll.
296 1105 379 1176 Eum
397 1117 522 1187 autem,
539 1103 596 1203 qni
615 1116 719 1176 rector
740 1118 838 1208 atque
856 1116 986 1176 curator
1006 1117 1054 1176 est
1074 1103 1237 1188 omnium,
1257 1103 1446 1200 investigare
1468 1132 1594 1178 summe
1616 1105 1747 1180 difficile

176 1239 274 1326 atque
291 1224 489 1324 impossibile
508 1222 587 1295 mihi
604 1223 745 1307 videtur;
760 1223 892 1328 penitus
904 1251 979 1296 eum
996 1223 1148 1308 scrutari,
1166 1251 1268 1326 quum
1286 1224 1459 1297 ineffabilis
1482 1239 1513 1299 et
1530 1225 1747 1300 inscrutabilis

175 1345 302 1429 existat,
318 1343 517 1452 impossibile
535 1357 597 1430 est,
618 1344 840 1449 inexplicabile
855 1373 892 1418 ac
910 1343 979 1417 sine
997 1344 1064 1417 ulla
1081 1370 1213 1444 prorsus
1229 1345 1379 1417 utilitate.
1395 1345 1480 1417 Deus
1492 1345 1579 1418 enim
1598 1360 1747 1420 naturam

173 1467 274 1539 habet
291 1465 443 1540 omnibus
459 1466 615 1539 creaturis
628 1467 827 1566 imperviam.
843 1467 912 1540 Hoc
927 1494 1030 1540 unum
1043 1465 1124 1538 scire
1137 1479 1280 1566 oportet,
1295 1493 1413 1568 nempe
1426 1493 1501 1538 eum
1516 1467 1575 1567 qui
1586 1481 1748 1541 creaturas

176 1589 338 1661 universas
353 1587 553 1687 providentia
566 1615 624 1659 sua
636 1588 811 1686 gubernat,
822 1615 906 1671 esse,
919 1602 951 1660 ot
963 1587 1156 1671 Dominum,
1168 1599 1200 1660 et
1213 1587 1335 1674 Deum,
1348 1602 1379 1660 ct
1392 1602 1568 1661 creatorem
1583 1589 1746 1674 omnium,

174 1711 252 1809 quia
271 1709 379 1781 omnia
397 1708 533 1781 visibilia
554 1709 670 1781 creavit
688 1735 726 1782 ex
743 1709 845 1781 indita
867 1709 929 1780 sibi
945 1709 1106 1793 bonitate,
1125 1735 1229 1809 eaque
1245 1707 1391 1781 humano
1410 1709 1522 1807 generi
1537 1709 1637 1783 dedit.
1657 1711 1748 1794 Qua-

173 1829 407 1930 propterillum
419 1829 525 1902 solum
537 1844 575 1903 ut
585 1830 691 1906 Deum
703 1829 839 1908 adorere
852 1843 884 1906 et
896 1830 1079 1930 glorificare
1092 1843 1234 1930 oportet,
1246 1857 1370 1930 nosque
1385 1830 1428 1904 ad
1443 1830 1577 1905 invicem
1594 1832 1746 1930 diligere,

172 1952 254 2024 sicut
269 1952 495 2052 unusquisque
513 1949 654 2051 seipsum
672 1950 790 2050 diligit

224 2128 280 2200 lll.
308 2127 426 2200 Verum
446 2126 486 2202 de
506 2127 574 2200 Deo
593 2129 654 2200 hoc
672 2128 785 2200 saltem
804 2128 972 2201 sciendum
990 2143 1055 2214 est,
1071 2156 1145 2201 eum
1161 2128 1203 2200 ab
1216 2127 1280 2201 alio
1293 2127 1414 2200 factum
1428 2155 1494 2200 non
1509 2128 1624 2213 fuisse,
1639 2157 1746 2231 neque

171 2249 380 2350 semetipsum
394 2249 647 2352 fecissentque,
663 2248 783 2323 anullo
796 2249 1063 2351 comprehensum
1073 2306 1082 2334 ‚
1094 2251 1203 2322 omnia
1219 2248 1560 2352 comprehenderetis
1574 2250 1748 2352 seipsomet

172 2383 230 2441 est.
249 2369 321 2470 lpse
336 2370 492 2472 sapientie
512 2369 718 2454 immortalis,
734 2370 894 2472 principio
913 2384 961 2443 est
979 2385 1011 2443 et
1026 2371 1091 2443 fine
1110 2397 1222 2444 carens
1236 2369 1250 2472 f
1256 2372 1314 2475 7),
1332 2369 1523 2443 immortalis
1540 2385 1638 2471 atque
1654 2385 1747 2445 aeter-

172 2518 248 2574 nus,
272 2492 432 2593 perfectus
457 2503 489 2563 et
515 2491 597 2564 nulli
627 2492 807 2565 necessitati
830 2491 1004 2578 obnoxius,
1031 2493 1339 2592 necessitatibusque
1367 2490 1513 2564 omnium
1535 2492 1744 2566 satisfaciens.

171 2612 242 2712 lpse
258 2613 349 2685 nullo
367 2612 516 2712 indigens
533 2613 719 2712 indigentiae
736 2615 882 2687 omnium
899 2614 1085 2718 suppeditat
1103 2612 1318 2688 abundanter.

220 2797 274 2872 IV.
301 2799 374 2900 lpse
388 2811 437 2874 est
449 2799 520 2874 sine
534 2798 712 2902 principio,
724 2800 801 2900 quia
815 2801 1044 2900 quodcumque
1058 2800 1158 2876 habet
1169 2800 1366 2901 principium
1378 2798 1476 2876 habet
1494 2815 1527 2876 ct
1544 2801 1654 2876 finem.
1671 2801 1743 2901 lpse

166 2920 264 2992 etiam
278 2934 326 2993 est
340 2921 410 2993 sine
422 2921 571 3005 nomine,
583 2920 659 3021 quia
675 2920 905 3021 quodcumque
919 2921 1051 2993 nomine
1064 2921 1248 3022 appellatur
1264 2935 1407 2996 creatum
1419 2922 1606 3022 factumque
1622 2921 1662 2994 ab
1678 2921 1742 2994 alio

166 3057 223 3114 est.
241 3041 294 3114 llli
310 3069 418 3142 neque
433 3039 532 3128 color,
551 3069 659 3142 neque
672 3041 792 3126 forma,
811 3041 888 3140 quie
901 3041 1130 3141 quodcumque
1143 3042 1194 3116 his
1210 3041 1373 3116 invenitur
1389 3055 1557 3126 ornatum,
1571 3042 1632 3117 sub
1647 3071 1742 3116 men-

165 3188 241 3233 sure
258 3161 385 3262 subque
401 3161 559 3234 limitibus
574 3161 671 3233 cadit.
692 3161 782 3232 lllius
800 3173 943 3243 naturae,
959 3187 1066 3260 neque
1084 3161 1317 3247 masculinum,
1332 3190 1438 3262 neque
1454 3163 1648 3238 femininum
1662 3165 1742 3238 acci-

165 3281 266 3365 dunt,
281 3283 358 3382 quia
370 3281 443 3366 ille,
456 3283 509 3354 oui
521 3281 589 3352 haec
600 3280 764 3365 accidunt,
780 3279 1011 3380 cupiditatibus
1024 3280 1180 3379 subjacet.
1194 3282 1266 3381 lpse
1280 3282 1341 3354 sub
1356 3283 1443 3354 celis
1454 3310 1519 3354 non
1533 3283 1743 3384 comprehen-

165 3402 264 3485 ditur,
284 3403 362 3501 qnia
379 3400 475 3472 coelos
493 3401 632 3485 excedit;
651 3428 759 3503 neque
779 3401 835 3473 illo
854 3402 992 3501 majores
1010 3413 1086 3474 sunt
1104 3401 1191 3486 coeli,
1209 3401 1285 3503 quia
1303 3401 1374 3473 coeli
1392 3415 1611 3504 creaturaeque
1629 3431 1741 3478 omnes

165 3522 278 3595 abillo
297 3521 627 3623 comprehenduntur.
651 3522 702 3594 Illi
725 3522 808 3595 nihil
834 3522 995 3596 adversari
1019 3535 1076 3594 aut
1098 3522 1220 3623 opponi
1241 3522 1341 3606 valet,
1365 3509 1539 3624 quoniam,
1559 3523 1586 3596 si
1609 3525 1689 3625 quid
1712 3527 1741 3598 ei

165 3642 326 3716 adversari
349 3657 473 3744 posset,
496 3643 529 3715 id
552 3643 614 3745 ipsi
636 3671 766 3745 compar
787 3643 890 3718 fieret.
914 3645 985 3745 lpse
1007 3643 1184 3716 immobilis
1207 3657 1255 3716 est
1274 3657 1371 3745 atque
1390 3671 1576 3717 mensuram
1599 3645 1740 3730 excedit,

165 3765 242 3866 quia
267 3791 333 3836 non
359 3779 407 3837 est
431 3765 520 3838 locus
543 3765 577 3837 in
601 3793 667 3866 quo
689 3766 810 3839 moveri
834 3767 945 3868 possit.
970 3765 1042 3866 lpse
1067 3781 1174 3865 neque
1200 3792 1352 3838 mensura
1377 3766 1608 3867 comprehendi
1634 3795 1740 3867 neque

165 3885 355 3958 circumdari
372 3899 492 3987 potest,
511 3887 588 3989 quia
606 3888 675 3989 ipse
692 3887 801 3960 omnia
818 3886 938 3988 replet,
956 3900 1054 3988 atque
1067 3901 1114 3959 est
1126 3913 1223 3987 supra
1236 3914 1348 3960 ornnes
1362 3886 1502 3960 visibiles
1520 3901 1551 3961 et
1564 3888 1741 3962 invisibiles

165 4020 337 4080 creaturas.
351 4007 416 4108 lpsi
427 4035 534 4109 neque
546 4009 609 4093 ira,
625 4035 731 4111 neque
746 4006 929 4108 indignatio
942 4007 1108 4093 accidunt,
1123 4009 1200 4108 quia
1216 4008 1305 4096 nulla
1318 4009 1459 4082 caecitate
1474 4009 1622 4094 aflicitur,
1638 4036 1740 4110 quum

164 4129 297 4202 omnino
317 4145 350 4203 et
367 4129 492 4228 integre
507 4131 549 4203 sit
565 4130 804 4203 intellectualis.
821 4129 897 4203 ldeo
915 4127 929 4234 f
934 4143 970 4202 ut
982 4127 1219 4232 manifestaret)
1238 4129 1361 4205 diversa
1378 4131 1539 4203 mirabilia
1558 4143 1590 4203 ct
1610 4159 1740 4204 omnem

164 4277 255 4324 suam
281 4251 476 4336 bonitatem,
503 4251 697 4324 creationem
718 4251 873 4325 excitavit.
893 4251 1031 4336 Hostiis,
1055 4245 1291 4336 oblationibus,
1309 4251 1406 4336 votis,
1433 4252 1589 4352 nullaque
1608 4252 1739 4324 demum

165 4372 312 4445 omnium
328 4372 502 4478 visibilium
516 4387 736 4446 creaturarum
750 4373 890 4472 indiget,
904 4373 1060 4474 quoniam
1073 4373 1221 4448 omnium
1234 4387 1408 4472 egestatem
1421 4374 1525 4479 replet
1535 4387 1568 4446 et
1583 4373 1738 4448 cumulat.

166 4493 237 4594 lpse
253 4508 362 4568 auteur
381 4521 550 4596 nunquam
569 4492 720 4592 indigens
737 4521 865 4596 semper
884 4483 1043 4594 gloriosus
1061 4508 1216 4568 remanet.
1343 4491 1346 4496 ’

215 4679 253 4752 V.
282 4681 373 4752 Nunc
391 4681 473 4754 milri
491 4681 532 4754 de
549 4682 617 4754 Deo
636 4681 799 4782 sapienter
815 4681 907 4784 loqui
924 4680 1037 4754 datum
1057 4695 1090 4755 et
1106 4709 1165 4782 pro
1184 4681 1306 4754 viribus
1319 4683 1401 4754 meis
1415 4680 1542 4756 locutus
1554 4710 1643 4766 sum,
1659 4683 1739 4783 quin

165 4811 273 4873 tamen
287 4801 530 4875 inscrutabilem
549 4803 618 4902 ejus
634 4802 893 4901 magnitudinem
909 4803 1069 4900 attingere
1084 4803 1260 4904 potuerim.
1274 4803 1351 4876 Sola
1368 4803 1431 4876 fide
1446 4803 1540 4875 illum
1556 4803 1739 4902 glorificans

164 4920 276 4996 adoro.

215 5044 390 5117 Veniamus
404 5047 503 5144 igitur
516 5047 557 5118 ad
575 5074 679 5144 genus
693 5046 875 5122 humanum
893 5060 924 5120 et
942 5039 1108 5122 videainus
1123 5047 1257 5148 quinam
1274 5047 1340 5118 sint
1352 5046 1408 5147 qui
1424 5047 1573 5147 praefatas
1591 5047 1738 5120 veritates

163 5165 377 5264 susceperint,
403 5165 537 5265 quinam
561 5195 636 5241 vcro
663 5167 703 5239 ab
728 5168 774 5240 eis
802 5166 1031 5241 aberraverint.
1058 5168 1266 5241 Manifestum
1296 5166 1389 5238 nobis
1414 5179 1477 5252 est,
1505 5195 1524 5240 o
1547 5168 1736 5268 Imperator,

163 5299 304 5386 quatuor
321 5314 388 5360 esse
406 5287 541 5362 humani
559 5289 687 5388 generis
704 5289 837 5388 stirpes,
856 5315 928 5388 quae
949 5303 1024 5368 sunt
1047 5289 1281 5372 barbarorum,
1299 5287 1499 5375 Graecorum,
1524 5289 1736 5362 Hebraeorum
