3990 6092
250 592 317 659 lot
591 592 774 660 l‘ATllUll
805 587 1206 662 tutantuuuottun
1238 595 1477 664 enatuere.

248 739 382 812 herisio
401 739 559 813 urbibus:
579 740 765 841 «Suscipite
780 740 885 814 hlium
908 769 1017 816 meum
1034 743 1206 828 dilectum,
1220 771 1317 844 quem
1332 745 1432 844 geum
1450 744 1484 818 in
1501 744 1683 820 vinculis¹n
1700 745 1830 848 (lid).

248 862 360 936 Frater
377 861 422 934 mi
442 861 626 944 Timothee,
646 864 726 936 aller
743 877 849 936 tecum
866 865 1039 937 lererniam
1058 865 1249 966 prophetam
1264 879 1296 939 et
1315 867 1388 940 veni
1404 867 1447 939 ad
1463 894 1536 940 me:
1553 867 1626 940 allo
1642 894 1829 942 cormeum

248 983 376 1058 «exsilit
393 984 426 1057 in
444 1011 496 1057 me
511 1012 577 1084 pre
597 984 708 1058 dolore
729 1011 789 1059 nec
803 986 969 1086 quiescere
991 987 1105 1060 valet2’.
1116 1019 1132 1056 u
1144 987 1226 1071 Quis
1241 987 1386 1062 dolorem
1406 1002 1438 1062 et
1454 988 1614 1062 tristitiam
1632 1015 1699 1062 non
1715 989 1831 1062 conai-

247 1105 341 1206 piat?
364 1105 470 1189 Quem
493 1106 606 1178 mortis
631 1107 788 1204 angustiae
814 1133 879 1180 non
905 1109 1085 1209 appetantl
1115 1109 1303 1182 Sacerdotes
1327 1109 1453 1182 induite
1481 1137 1609 1183 saccum
1632 1123 1663 1183 et
1688 1111 1828 1184 ululate.

248 1226 449 1324 ingemiscite
470 1227 551 1299 serui
572 1227 697 1312 altaris,
715 1227 788 1301 lletc
805 1242 836 1300 et
853 1229 975 1312 dolete,
993 1228 1210 1330 audieturque
1230 1230 1264 1302 in
1280 1230 1410 1304 excelsis
1428 1257 1495 1304 non
1516 1231 1622 1304 solum
1640 1232 1746 1306 luctus
1766 1233 1828 1304 sed

248 1363 280 1420 et
297 1363 411 1422 cantus
428 1349 590 1432 funebris,
608 1349 780 1448 quoniam,
802 1349 835 1422 in
857 1377 922 1423 una
941 1350 1010 1434 die,
1030 1351 1102 1424 duae
1126 1351 1231 1452 plagae
1255 1353 1480 1438 amarissime,
1500 1354 1533 1426 io
1552 1380 1617 1427 una
1636 1353 1733 1439 hora,
1751 1352 1829 1426 duaa

247 1469 453 1554 afflictiones,
474 1482 586 1569 atque,
606 1471 640 1541 in
659 1497 726 1543 uno
743 1486 925 1554 momento,
950 1472 1090 1544 duarum
1114 1473 1345 1546 contritionum
1363 1474 1498 1547 nuntius
1522 1474 1731 1575 perculerunt
1752 1502 1827 1548 nos.

248 1591 276 1664 0
301 1591 445 1664 dolorem
472 1604 504 1663 et
527 1590 672 1664 dolorem
697 1592 865 1666 dolorum!
891 1593 919 1666 0
943 1594 1067 1666 luctum
1086 1608 1119 1668 et
1136 1596 1310 1668 vanitatem
1323 1596 1518 1670 vanitatum!
1537 1597 1629 1670 Nunc
1648 1596 1827 1698 adimpleta

247 1727 295 1786 est
311 1713 489 1785 ronlacohi
501 1712 657 1786 dicentis:
675 1714 818 1815 sloseph
838 1743 902 1788 non
920 1730 968 1788 est
985 1743 1083 1816 super
1098 1731 1129 1789 et
1147 1717 1280 1792 Simeon
1295 1745 1360 1790 non
1378 1718 1476 1792 rediit
1491 1719 1533 1790 ad
1549 1724 1633 1791 me³.
1645 1749 1661 1786 n
1675 1719 1747 1792 lam
1758 1746 1828 1792 non

248 1850 295 1908 est
308 1835 427 1908 Paulus
443 1835 497 1908 ille
511 1891 520 1918 ,
536 1835 586 1907 lux
605 1836 751 1908 Ecclesiae
771 1837 984 1938 fideliumque
1000 1837 1229 1923 confidential,
1245 1839 1504 1941 nequeamplius
1515 1841 1736 1914 erstatSimon
1748 1842 1830 1914 lun—

247 1957 436 2030 damentum
446 1957 594 2030 llcclesiae
605 1958 921 2061 christianorumque
932 1959 1042 2033 decus.
1055 1960 1160 2034 Hodie
1171 1961 1385 2061 adimpletum
1399 1960 1546 2062 estquod
1558 1961 1803 2065 diritpropheta
1816 1997 1826 2036 ε

249 2079 446 2162 cQarourodo
463 2079 600 2180 dispcrsi
615 2080 726 2179 jacent
741 2080 866 2181 lapides
882 2082 1054 2162 sancti⁵ln
1079 2083 1183 2156 Hodie
1201 2082 1415 2185 adimpletum
1436 2097 1483 2157 est
1500 2084 1634 2158 verbum
1654 2085 1756 2158 David
1771 2085 1829 2158 di-

248 2200 392 2273 cantis⁶:
411 2201 619 2274 «Posucrunt
644 2202 813 2274 morticina
835 2230 999 2276 servorum
1025 2218 1155 2276 tuorum
1178 2233 1283 2278 escam
1306 2204 1428 2278 volatili
1450 2205 1621 2290 caelorum,
1647 2221 1678 2278 et
1695 2233 1827 2280 carnem

250 2323 432 2420 «justorum
448 2337 578 2396 tuorum
593 2323 703 2396 bestiis
715 2339 845 2398 terrae.»
866 2324 927 2399 Ubi
940 2353 1027 2398 nunc
1043 2353 1155 2399 cursus
1166 2327 1282 2400 Pauli?
1294 2329 1395 2401 lama
1410 2327 1521 2400 labore
1532 2327 1684 2401 itinerum
1696 2329 1828 2428 quieve-

250 2458 326 2516 runt
334 2443 433 2544 pedes
443 2443 656 2529 illiussancti;
671 2471 776 2545 neque
791 2445 928 2547 amplius
938 2447 1058 2520 catenis
1074 2446 1337 2547 obstringentur⁷
1351 2449 1385 2521 in
1394 2449 1587 2522 carceribus.
1604 2450 1673 2522 Non
1685 2449 1829 2523 vincien-

251 2580 303 2637 tur
323 2592 429 2664 neque
448 2565 651 2664 ligabuntur;
671 2567 784 2651 urbes,
799 2567 936 2651 insulas,
957 2567 1169 2642 harbarorum
1183 2569 1254 2642 loca
1272 2597 1336 2642 non
1352 2584 1479 2670 petent,
1490 2598 1550 2644 nec
1567 2571 1610 2644 ad
1626 2585 1826 2646 artemonem

249 2686 501 2785 suspendentur,
521 2701 578 2758 aut
597 2686 810 2787 compedibus
825 2688 1040 2761 innectantur.
1066 2690 1154 2772 Quot
1170 2689 1241 2762 loca
1260 2690 1412 2788 ingressi,
1433 2703 1514 2792 quot
1535 2691 1646 2776 urbes,
1666 2705 1747 2794 quot
1761 2691 1828 2764 vias

251 2807 469 2879 circumvecti!
483 2808 589 2891 Quem
605 2809 768 2881 humiliati
779 2811 870 2882 sunt!
886 2809 948 2884 Ubi
963 2838 1078 2882 marrus
1094 2810 1156 2883 illae
1170 2824 1303 2897 sanctae,
1320 2839 1409 2912 quoe,
1420 2827 1494 2914 post
1510 2826 1556 2885 tot
1566 2813 1688 2886 litteras
1701 2813 1827 2887 divinas

289 3046 296 3076 ¹
318 3039 361 3094 (lu-
373 3039 412 3094 Aa
426 3039 595 3104 Philemonem,
616 3061 655 3096 ru.
674 3046 730 3083 —²
749 3043 793 3098 cn
804 3041 889 3098 locui.
908 3062 940 3104 rr,
959 3063 998 3117 ag.
1073 3045 1180 3118 pretiosi.
1198 3049 1259 3087 -⁸
1279 3044 1367 3100 Paclm.
1383 3065 1484 3108 cuturn,
1502 3066 1526 3100 a.
1542 3047 1558 3100 Α
1576 3047 1657 3102 omitt.
1670 3047 1775 3101 demo.
1790 3079 1826 3088 -
1949 3079 1955 3088 ·

252 3136 308 3174 —-·³
329 3134 438 3198 Genesis,
454 3155 516 3198 narr,
537 3138 580 3190 36.
602 3169 638 3176 —
659 3137 669 3170 l
689 3138 708 3193 Δ
728 3138 774 3191 lara
784 3137 897 3213 fidelium
915 3148 938 3192 et
957 3139 1002 3191 lux
1078 3142 1087 3172 ¹
1109 3141 1126 3192 l
1142 3139 1223 3194 omitt.
1238 3142 1327 3194 camnis
1340 3137 1525 3212 obstringeretur.

252 3227 370 3283 Ecclesia.
386 3232 449 3271 -ὗ
469 3229 512 3284 un
529 3229 636 3284 lamoisio
652 3229 757 3286 honuni.
780 3251 811 3295 rr,
834 3250 856 3286 ι.
873 3232 892 3286 Β
911 3232 1002 3304 lapides

251 3587 283 3626 ac
291 3564 467 3627 tenebrarum
478 3589 510 3628 uc
519 3565 627 3636 riuturni,
639 3566 788 3650 quoniam¹
799 3567 945 3650 orphanati
957 3589 1062 3628 sumas.
1076 3567 1163 3639 tonis
1175 3567 1253 3631 dabit
1262 3568 1349 3631 oculis
1358 3569 1459 3631 uostris
1472 3591 1559 3654 aquas
1567 3581 1594 3631 et
1603 3570 1717 3654 pupillis
1727 3571 1826 3632 nostris

252 3668 374 3730 alentem
390 3669 612 3754 lacrymarum’n
635 3680 665 3731 ut
681 3669 820 3753 ploremus
838 3681 866 3731 et
881 3691 945 3741 nos,
961 3670 1007 3731 die
1024 3691 1055 3732 ac
1070 3680 1162 3741 nocte,
1180 3671 1273 3732 lumen
1290 3672 1485 3734 ecclesiarurn³
1504 3671 1579 3758 quod
1601 3674 1750 3737 extinctum
1766 3676 1827 3736 est?

250 3770 405 3855 Gornplica,
419 3772 512 3844 frater,
528 3772 612 3834 libros
628 3772 829 3856 Prophetarum
844 3781 872 3834 et
888 3772 967 3857 signa
985 3793 1069 3856 snper
1084 3793 1130 3834 ecs
1142 3771 1218 3856 quod
1231 3774 1371 3836 neminem
1384 3773 1488 3836 habent
1506 3775 1684 3859 interpretem
1708 3775 1826 3860 parabo·

249 3875 353 3944 larum,
372 3874 611 3958 paradigmatum,
626 3875 799 3958 eloquiorum
819 3875 959 3958 ipsorum,
975 3885 1003 3936 et
1021 3875 1146 3937 dicamus
1168 3897 1218 3936 nos
1233 3896 1297 3936 curn
1319 3877 1401 3940 duros
1421 3877 1580 3961 propheta:
1608 3879 1711 3940 «Pasce
1730 3901 1783 3963 ego
1798 3879 1826 3940 in

252 3977 336 4040 «locis
348 3977 464 4040 desertis
479 3987 506 4039 et
524 3977 552 4039 iu
567 3977 674 4061 pascuis
689 3976 737 4040 ubi
756 3999 811 4038 nou
826 3987 890 4040 eunt
905 3999 1006 4062 pascua
1016 3976 1055 4038 ’.π
1077 3977 1129 4039 Ubi
1143 3989 1210 4040 sunt
1229 3979 1437 4042 lamentationes
1450 3977 1578 4042 leremioe
1592 3979 1708 4044 dicentis
1724 4007 1731 4044 :
1753 3983 1828 4045 «Gor

252 4103 364 4144 amerina
380 4081 576 4144 conturbatum
588 4091 631 4143 est
644 4081 681 4143 ab
698 4079 844 4143 afflictione
856 4091 884 4143 et
899 4081 1007 4165 gemitu
1022 4090 1049 4144 et
1063 4103 1119 4142 non
1134 4091 1175 4144 est
1189 4080 1257 4143 mihi
1272 4081 1439 4144 consolatio⁸
1455 4092 1483 4144 et
1493 4083 1663 4167 requies⁸st
1679 4085 1726 4145 l'oe
1741 4085 1825 4147 mihil

249 4184 332 4245 lrater
351 4184 390 4244 nri
409 4183 564 4254 Timotheo,
576 4184 637 4268 jam
653 4205 709 4246 uon
724 4183 834 4246 venient
847 4184 970 4268 epistolar
988 4184 1048 4269 ejus
1062 4184 1099 4246 ad
1116 4193 1156 4255 te,
1173 4184 1200 4246 in
1216 4184 1320 4268 quibus
1334 4185 1470 4269 scriptmn
1487 4195 1548 4248 est:
1566 4185 1687 4247 al'aulus
1702 4185 1827 4246 modicus

252 4307 365 4347 «servus
375 4283 441 4348 lesu
456 4286 558 4348 Christi
569 4287 609 4348 ’.π
624 4286 751 4349 lemnon
765 4285 867 4350 scribet
879 4287 996 4356 ulterius
1009 4286 1079 4351 dete
1093 4287 1250 4350 civitatibus
1258 4287 1371 4350 dicens:
1386 4286 1541 4372 «suscipite
1551 4285 1725 4348 Timotheum
1738 4285 1826 4346 tiliurn

251 4408 365 4448 arricum
380 4385 560 4449 dicerunt„
578 4387 625 4450 Vae
640 4388 890 4460 minitantem
903 4390 991 4453 mihil
1012 4389 1081 4461 Quis
1100 4412 1156 4452 nou
1176 4390 1273 4452 induet
1292 4390 1388 4452 lletum
1407 4400 1435 4450 et
1453 4389 1611 4472 gemitum?
1628 4389 1682 4450 hut
1695 4388 1826 4473 quisnam

250 4510 305 4549 aron
319 4487 449 4550 vestietur
462 4489 628 4574 lugubribus
639 4504 667 4552 et
681 4501 774 4554 mente
787 4493 982 4556 attonitusuon
992 4492 1220 4578 obstupescet‘lO
1231 4493 1317 4555 lrumr
1329 4492 1468 4555 carissime
1480 4501 1508 4554 et
1522 4491 1673 4576 spiritualis
1684 4490 1826 4562 saoerdos,

249 4589 374 4653 minister
393 4590 496 4655 Cluisti
513 4604 540 4655 et
559 4595 700 4666 Ecclesiae,
721 4595 838 4658 induere
852 4596 939 4659 cilicio
956 4605 984 4658 et
999 4595 1133 4667 laurento,
1149 4597 1215 4680 quia
1236 4618 1307 4657 «vox
1330 4596 1358 4658 in
1378 4595 1464 4659 Rasna
1480 4595 1574 4658 audita
1590 4605 1644 4670 est,
1657 4595 1787 4680 ploratus
1802 4607 1829 4657 et

251 4693 427 4763 «ululatus»,
446 4717 496 4759 racc
517 4706 623 4760 tantum
646 4697 768 4782 ploratus
787 4699 885 4762 mortis
906 4699 955 4761 sed
968 4709 997 4761 et
1016 4699 1138 4762 ululatus
1157 4699 1348 4783 orphanitatis.
1369 4699 1420 4762 llae
1438 4698 1502 4762 duae
1524 4699 1677 4763 terribiles’
1692 4699 1782 4784 plagae
1801 4709 1830 4760 et

249 4819 352 4863 amarae
366 4799 395 4862 in
409 4821 463 4862 uua
477 4799 522 4862 die
536 4810 670 4863 venerunt
685 4801 765 4864 nobis
780 4824 812 4864 ac
826 4803 994 4886 completum
1007 4813 1049 4865 est
1064 4803 1092 4864 in
1106 4801 1215 4865 nobis¹⁰
1229 4801 1334 4865 dietum
1348 4801 1432 4866 Jacob
1447 4803 1624 4887 patriarcha,
1640 4801 1708 4865 dum
1725 4802 1827 4885 loseph

249 4901 340 4964 adhuc
354 4901 479 4986 perditus
499 4913 571 4966 essct
585 4912 613 4967 at
633 4905 745 4967 Simeon
766 4927 822 4968 non
837 4904 979 4968 redirct¹'.
995 4905 1104 4968 Etenim
1125 4905 1236 4976 Petrus,
1253 4905 1467 4969 lundomntum
1481 4905 1656 4969 ecclesiarum
1669 4913 1697 4966 et
1710 4905 1798 4989 gloria
1808 4905 1828 4934 ¹²

248 5015 407 5068 sanctoruni
428 5007 615 5090 apostolorum
634 5008 745 5070 recessit
759 5031 775 5070 a
790 5007 869 5070 nobis
888 5020 916 5070 ct
929 5008 1069 5092 orphanos
1082 5008 1237 5094 dereliquit.
1255 5009 1356 5072 Paulus
1373 5031 1499 5094 quoquc,
1510 5009 1635 5094 gentium
1646 5007 1789 5070 familiaris
1802 5015 1830 5069 et

288 5206 293 5234 ¹
317 5203 335 5256 Β
347 5214 380 5256 ut.
393 5205 449 5244 -2
470 5205 489 5258 ll
504 5205 622 5279 capitibus
635 5207 822 5280 nortrisupnum
839 5216 861 5258 ct
869 5205 999 5279 palpebris.
1078 5213 1110 5270 ν’,
1120 5207 1165 5262 col.
1179 5227 1203 5261 a.
1215 5239 1247 5248 -
1263 5209 1273 5241 ⁸
1295 5207 1341 5262 Ubi
1360 5207 1431 5262 haec?
1443 5209 1502 5250 ——’
1519 5207 1538 5261 Β
1553 5205 1686 5260 lrorribilcu.
1703 5205 1827 5277 Cstcbilcs.

249 5295 292 5352 Gla·
301 5295 385 5350 lerona.
402 5317 438 5361 rr,
457 5317 479 5354 ι.
497 5329 534 5342 -
545 5303 555 5334 ³
568 5301 600 5362 ll,
612 5301 630 5355 C
644 5297 763 5356 Ecclesia.
777 5332 814 5341 -
826 5301 837 5336 ⁴
849 5299 955 5370 ΑΜΒ)
965 5332 1002 5341 -
1082 5331 1114 5342 -
1129 5304 1146 5334 '⁰
1166 5305 1185 5356 Α
1198 5301 1260 5354 illud
1269 5308 1295 5356 et
1306 5303 1386 5356 omitt.
1401 5300 1482 5356 Jacob.
1493 5331 1530 5342 -
1540 5304 1556 5335 ¹¹
1577 5299 1620 5355 on·
1635 5299 1755 5357 Genesim,
1766 5317 1828 5356 rara.

248 5393 258 5424 ¹
278 5390 295 5442 Α
313 5391 453 5445 consilarius.
468 5425 502 5432 —
518 5398 527 5427 ⁸
546 5392 711 5456 decemuir,
729 5395 782 5450 uo?
802 5427 834 5436 -
854 5397 862 5430 ⁷
884 5397 900 5450 rt
916 5394 935 5448 Γ
950 5396 1000 5448 153·
1079 5395 1122 5448 36.
1135 5429 1170 5436 --
1184 5399 1202 5429 ¹²
1221 5395 1361 5449 demittet
1372 5395 1461 5467 glorio.
