4006 6098
720 527 920 598 SANCTUS
946 527 1210 596 aventinus
1681 531 1747 598 339

181 673 250 775 ipse
263 699 328 746 non
347 673 465 760 vivat¹3
481 673 613 773 quando
633 701 699 746 una
717 675 758 748 sit
776 674 931 760 Ecclesia,
954 704 1025 778 quae
1046 676 1116 749 vitae
1136 689 1262 748 eternae
1278 675 1416 774 gratiam
1434 689 1605 750 consecuta
1622 690 1653 748 et
1675 678 1749 750 vivit
1783 768 1790 782 Ι

177 797 213 868 in
230 810 387 868 eternum
402 809 434 868 et
446 795 583 868 viviticat
600 793 659 868 Dei
674 797 843 898 populum.

232 1017 273 1090 ll.
301 1017 341 1090 Et
356 1015 488 1117 quidem
503 1017 616 1090 dicunt
629 1045 663 1090 se
680 1019 714 1090 in
729 1017 791 1090 hoc
809 1032 947 1091 veterem
962 1017 1229 1091 consuetudinem
1246 1017 1354 1118 sequi,
1374 1019 1505 1120 quando
1525 1020 1614 1120 apud
1628 1033 1748 1093 veteres

181 1137 287 1210 adhuc
304 1137 409 1237 prima
431 1151 651 1238 apparuerunt
672 1138 824 1236 vestigia⁹
842 1139 1005 1210 haereseon
1029 1153 1061 1212 et
1082 1139 1289 1211 schismatum
1310 1153 1341 1210 ct
1363 1139 1444 1211 nihil
1465 1139 1564 1212 aliud.
1583 1141 1702 1212 Verum
1722 1141 1749 1212 si

181 1257 245 1340 illi,
270 1257 324 1357 qui
346 1256 538 1330 rebellantes
559 1272 590 1329 et
610 1259 651 1330 ab
673 1257 813 1330 Ecclesia
837 1259 1021 1330 recedentes
1040 1259 1075 1330 in
1094 1259 1230 1330 hereses
1245 1257 1325 1358 lapsi
1346 1258 1538 1358 deprehensi
1556 1273 1647 1344 sunt,
1661 1261 1750 1358 jam-

180 1378 308 1479 pridem
323 1378 357 1450 in
373 1378 513 1452 Ecclesia
528 1379 684 1452 catholica
699 1379 843 1476 legitime
856 1378 1009 1479 baptizati
1024 1379 1174 1462 luissent,
1191 1380 1250 1452 hos
1268 1379 1310 1450 ad
1327 1380 1589 1452 communionem
1602 1381 1749 1453 Ecclesia

182 1512 391 1584 revertentes,
409 1511 441 1570 et
455 1498 677 1599 poenitentiam
692 1513 839 1598 agentes,
858 1526 985 1572 necesse
1000 1526 1066 1572 non
1082 1513 1150 1572 erat
1164 1500 1339 1601 baptizare.
1356 1499 1453 1585 Quod
1471 1525 1529 1571 nos
1544 1499 1694 1602 quidem,
1708 1501 1748 1572 ad

181 1620 265 1691 banc
284 1644 387 1718 usque
405 1618 509 1701 diem,
529 1619 781 1703 observavimus,
796 1633 833 1691 ut
854 1646 909 1690 eos
927 1619 985 1719 qui
1008 1619 1048 1692 ab
1065 1619 1211 1692 Ecclesiae
1227 1631 1441 1702 recesserunt,
1460 1632 1493 1691 et
1509 1646 1649 1720 quorum
1666 1621 1750 1722 bap·

182 1739 275 1810 tisma
292 1738 430 1810 dubium
449 1765 516 1811 non
535 1752 619 1824 erat,
633 1740 787 1840 quoniam
804 1738 885 1812 illud
899 1740 933 1811 in
949 1739 1088 1811 Ecclesia
1105 1739 1249 1837 legitime
1266 1752 1468 1839 receperant,
1483 1741 1525 1822 si,
1541 1740 1749 1840 postmodum

180 1871 310 1958 peccato
326 1886 384 1930 suo
400 1859 562 1943 confesso,
581 1859 622 1932 ab
641 1885 748 1931 errore
764 1859 907 1931 conversi
923 1857 964 1931 ad
978 1859 1141 1932 veritatem
1157 1859 1304 1932 Ecclesiae
1317 1859 1429 1931 matris
1443 1872 1559 1932 nostra
1577 1859 1749 1942 redierint,

182 1981 289 2052 denuo
303 1979 337 2050 in
351 1979 491 2051 Ecclesia
506 1980 747 2066 constituimus,
760 1979 964 2055 solummodo
978 1979 1198 2080 penitentiam
1213 1979 1254 2052 ob
1266 2007 1405 2053 errorem
1423 1981 1534 2080 inquo
1549 1979 1750 2081 aliquamdiu

182 2101 298 2172 versati
312 2113 388 2172 sunt
401 2100 610 2199 imponendo.
625 2101 752 2173 Sufficit
766 2101 853 2173 enim
865 2101 927 2174 hoc
942 2101 991 2173 illi
1005 2102 1061 2202 qui
1076 2101 1168 2172 istius
1180 2101 1271 2174 modi
1285 2114 1347 2185 est,
1363 2101 1516 2202 quoniam
1530 2113 1625 2172 antea
1644 2101 1750 2199 gregis

178 2222 249 2294 'ovis
264 2234 347 2305 erat,
364 2233 400 2293 ut
414 2221 498 2294 hanc
516 2248 607 2293 ovem
625 2234 793 2319 vagantem
812 2235 843 2294 et
861 2235 1021 2294 errantem
1038 2223 1072 2294 in
1091 2221 1172 2296 ovile
1187 2249 1283 2295 suum
1302 2235 1410 2322 pastor
1426 2222 1568 2322 recipiat.
1588 2220 1624 2294 Si
1641 2236 1748 2294 autem

180 2341 236 2414 ille
255 2341 313 2442 qui
333 2341 373 2414 ab
391 2340 505 2414 haeresi
524 2341 623 2426 venit,
643 2331 823 2444 baptizatus
844 2343 879 2414 in
899 2341 1037 2414 Ecclesia
1054 2345 1145 2442 prius
1162 2369 1229 2415 non
1248 2343 1360 2427 luerit,
1379 2342 1435 2414 sed
1453 2341 1576 2414 alienus
1595 2341 1629 2413 in
1648 2355 1751 2416 totum

178 2463 320 2563 perfecte
334 2463 374 2534 sit
390 2461 514 2564 [neque
532 2490 604 2536 cum
624 2463 830 2536 simulatione
846 2462 888 2534 ad
906 2463 1081 2536 Ecclesiam
1097 2462 1219 2563 veniat]
1229 2469 1254 2548 ³,
1272 2463 1360 2536 bunc
1376 2462 1538 2566 baptizare
1554 2475 1696 2562 oportet,
1714 2475 1752 2535 ut

182 2585 248 2656 ovis
265 2581 336 2667 hat,
357 2581 450 2684 [quia
473 2597 568 2656 antea
589 2583 688 2685 lupus
713 2583 841 2685 erat,]⁰
863 2599 895 2655 et
916 2585 994 2684 quia
1019 2609 1085 2656 una
1110 2597 1236 2656 tantum
1255 2597 1303 2655 est
1321 2611 1413 2685 aquae
1438 2584 1558 2684 species
1582 2610 1653 2683 quae
1679 2609 1752 2655 oves

181 2705 271 2788 lacit,
289 2694 406 2777 et'haec
423 2703 458 2777 in
476 2704 617 2777 Ecclesia
630 2719 750 2778 sancta.
767 2704 807 2776 Et
821 2705 956 2788 idcirco,
971 2705 1047 2804 quia
1062 2705 1145 2776 nihil
1164 2731 1335 2777 commune
1351 2731 1419 2777 esse
1434 2716 1540 2804 potest
1556 2705 1641 2776 inter
1659 2731 1751 2776 men-

182 2825 311 2898 dacium
326 2839 358 2899 et
369 2826 552 2910 veritatem,
563 2826 648 2898 inter
667 2824 815 2898 tenebras
828 2838 860 2897 et
871 2825 991 2908 lucem,
1004 2838 1142 2896 mortem
1160 2838 1192 2897 et
1209 2823 1501 2910 immortalitatem,
1514 2824 1749 2898 Antecbristum

182 2959 215 3018 et
226 2947 407 3031 Christum,
425 2973 485 3046 per
500 2947 569 3018 bec
587 2945 695 3018 omnia
710 2944 865 3017 debemus
882 2945 1040 3017 unitatem
1058 2958 1090 3016 at
1105 2945 1259 3018 unionem
1275 2945 1423 3017 Ecclesia»
1441 2946 1603 3018 catholicae
1621 2971 1751 3018 conscr-

183 3094 272 3153 vare‚
288 3094 346 3140 nec
361 3066 485 3166 aliquid
502 3065 579 3137 fidei
593 3078 625 3137 et
642 3065 783 3137 veritatis
802 3064 949 3136 hostibus
967 3063 1091 3136 cedere.

234 3271 290 3342 lll.
318 3269 388 3341 Non
417 3280 545 3368 oportet
570 3267 667 3338 etiam
693 3265 734 3338 de
758 3262 990 3336 consuetudine
1017 3263 1188 3365 praevalero
1199 3267 1222 3336 ⁵.
1246 3263 1357 3366 Neque
1383 3266 1470 3338 enim
1496 3267 1625 3352 Petrus,
1654 3295 1751 3368 quem

183 3391 325 3491 primum
343 3390 430 3461 Deus
453 3387 565 3483 elegit,
585 3399 617 3458 et
635 3412 733 3486 super
751 3411 848 3486 quem
871 3383 1040 3457 fundavit⁶
1058 3383 1248 3470 Ecclesiam,
1264 3411 1339 3457 cum
1359 3386 1399 3459 de
1423 3387 1662 3459 circumcisione
1685 3388 1752 3487 ipse

184 3524 215 3584 et
238 3508 359 3583 Paulus
384 3507 583 3581 adinvicem
608 3506 838 3606 disceptarent,
858 3506 1009 3606 superbia
1032 3506 1151 3588 clatus,
1175 3505 1366 3606 antiquitate
1390 3507 1520 3579 inllatus
1543 3521 1574 3580 et
1596 3507 1752 3593 elevatus,

183 3630 322 3702 Paulum
339 3629 543 3729 vituperavit,
565 3629 620 3729 qui
642 3641 786 3700 recenter
805 3627 846 3700 ad
871 3627 970 3700 fidem
991 3640 1182 3710 accesserat,
1202 3653 1307 3728 neque
1329 3627 1391 3699 sibi
1409 3629 1583 3729 primatum
1608 3628 1752 3701 tribuens

184 3750 262 3823 dixit
277 3750 389 3822 decere
407 3764 444 3822 ut
460 3749 552 3849 pueri
570 3761 602 3821 et
616 3748 673 3848 qui
688 3749 722 3820 in
740 3747 804 3822 side
823 3749 942 3848 posteri
960 3748 1089 3821 luerunt
1108 3748 1309 3821 adhererent
1330 3748 1395 3821 illis
1413 3749 1559 3849 quiante
1578 3777 1632 3822 eos
1648 3749 1755 3823 credi·
1877 3781 1879 3788 ’

185 3873 313 3944 derunt.
330 3871 392 3963 Nec
403 3871 536 3952 iterum,
551 3883 706 3968 tanquam
726 3869 767 3940 ad
783 3868 1027 3969 despiciendum
1043 3868 1198 3953 Paulum,
1215 3869 1372 3942 invocavit
1384 3871 1640 3970 persecutionem
1654 3898 1752 3970 quam

184 3992 274 4093 prius
292 3991 323 4063 in
345 3990 517 4063 Ecclesiam
537 3989 686 4062 excitarat
704 3991 779 4074 istc;
799 3989 856 4061 sed
873 3989 1044 4061 consilium
1057 3989 1194 4061 veritatis
1213 4002 1244 4060 et
1261 3989 1417 4062 rationem
1437 4017 1535 4090 quam
1549 3989 1670 4062 Paulus
1686 3991 1755 4062 vin-

185 4111 315 4185 dicabat
331 4112 476 4184 laetanter
494 4110 639 4196 admisit,
659 4111 810 4183 erudiens
828 4136 887 4182 nos
907 4110 1003 4181 simul
1026 4123 1057 4182 et
1074 4109 1193 4182 docens
1213 4137 1272 4181 nos
1288 4110 1397 4195 mites,
1414 4107 1500 4210 (ld)
1517 4109 1672 4195 humiles,
1692 4137 1754 4182 ne-

165 4234 321 4306 cessario
348 4232 538 4316 concordes,
562 4232 758 4332 aequanimes
781 4258 849 4302 esse
875 4245 907 4304 et
933 4231 975 4302 ad
994 4231 1159 4303 scientiam
1184 4231 1271 4329 pacis
1289 4229 1472 4315 'dedocens3
1498 4231 1541 4302 ita
1564 4245 1600 4304 ut
1622 4231 1656 4302 in
1674 4259 1754 4304 con-

185 4354 350 4438 ventibus,
372 4352 705 4436 confabulationibus,
733 4378 951 4450 senarumque
976 4351 1166 4452 opinionum
1192 4351 1406 4434 examinibus,
1437 4350 1528 4422 nullo
1557 4352 1654 4423 modo
1681 4379 1754 4453 quar

186 4475 365 4572 cogitamus
374 4501 447 4557 nos,
459 4473 632 4573 praevalere
642 4485 675 4544 et
685 4471 810 4544 vincere
822 4450 1018 4572 queramus,
1030 4471 1087 4544 sed
1098 4473 1195 4544 etiam
1208 4499 1243 4544 ca
1256 4500 1328 4572 quae
1340 4499 1358 4545 a
1370 4473 1523 4544 fratribus
1534 4473 1650 4544 nostris
1660 4499 1754 4556 vere,

175 4595 370 4682 salubriter,
382 4595 517 4666 firmiter
533 4607 565 4666 et
578 4592 786 4694 proficienter
799 4593 841 4665 ad
855 4593 992 4665 salutem
1009 4593 1171 4678 dicuntur,
1187 4620 1252 4666 non
1267 4620 1359 4664 secus
1376 4621 1413 4665 ac
1426 4606 1534 4665 nostra
1550 4593 1752 4694 recipiamus.

188 4717 264 4790 Hac
278 4717 391 4790 eadem
401 4715 517 4788 iterum
526 4714 648 4787 Paulus
657 4714 838 4815 apostolus,
849 4715 882 4787 in
892 4714 1025 4815 epistola
1037 4741 1113 4799 sua,
1123 4713 1307 4814 postulatet
1316 4713 1424 4798 docet,
1435 4714 1508 4814 paci
1517 4712 1752 4796 etconcordiae‚

175 4837 305 4910 talibus
328 4837 450 4920 verbis,
468 4836 692 4937 prospiciens:
713 4836 907 4938 «Propheta
930 4833 996 4907 dno
1018 4848 1075 4907 eut
1092 4849 1157 4908 tres
1175 4834 1365 4935 loquantur,
1384 4847 1416 4906 et
1433 4834 1537 4906 caeteri
1557 4834 1751 4906 examinent.

201 5065 203 5070 Ι
226 5097 233 5126 ¹
253 5093 312 5148 llaec
325 5093 397 5148 lectio
410 5094 492 5168 potior
506 5093 604 5149 videtur
621 5111 650 5148 ea
664 5112 738 5167 quam
755 5091 868 5167 prebent
883 5091 934 5148 edi-
1008 5091 1047 5146 nis
1071 5090 1221 5146 includimus
1244 5109 1294 5145 non
1322 5097 1417 5145 exeunt
1437 5091 1464 5144 in
1487 5089 1570 5146 latinis
1595 5091 1752 5150 editionibus.

188 5195 253 5244 tores
264 5185 334 5240 latini
348 5207 354 5239 :
370 5185 418 5240 Nec
426 5187 536 5258 possead
548 5207 573 5242 so
586 5187 703 5261 cirficara'
716 5186 818 5242 alteram
832 5186 875 5259 qui
886 5186 935 5258 vprc
1010 5217 1047 5226 —
1067 5186 1077 5218 ⁸
1096 5183 1167 5240 ldmv.
1183 5213 1220 5224 ·—
1236 5187 1246 5217 ⁶
1266 5183 1353 5238 omitt.
1372 5183 1413 5237 aad
1435 5184 1527 5236 ratiom
1548 5184 1695 5240 arhcmdum.
1718 5217 1755 5226 —-

188 5298 234 5332 novt
257 5281 328 5333 virm.
343 5311 379 5318 -
395 5282 404 5312 ²
425 5278 488 5333 Edit.
506 5280 547 5333 lat.
568 5281 688 5334 hereseos.
702 5281 764 5320 -³
782 5279 844 5342 Ques
861 5279 934 5334 unci·
1009 5280 1020 5312 ⁸
1038 5283 1120 5339 oh*
1136 5275 1343 5332 «fundamentum
1357 5277 1451 5352 postvit,
1466 5277 1650 5332 consolidavita.
