3982 6082
256 587 283 628 tv
866 557 1217 626 PROLEGOMENA.

254 709 335 783 stola
352 710 386 782 S.
413 709 567 810 Dionysio
592 707 729 793 tributa,
750 708 892 808 reperire
915 735 981 780 non
1004 708 1187 809 potuimus,
1208 707 1265 780 sed
1289 709 1323 780 in
1347 707 1582 786 anianensi
1605 710 1731 784 itineris
1753 713 1829 786 Cel·

254 831 375 904 lensisn
395 829 530 934 epistola
543 831 740 930 Dionysiana
756 830 983 903 tantummodo
998 829 1117 902 dicitur
1133 830 1266 903 inedita.

305 953 448 1053 Epistola
465 953 565 1052 igitur
582 953 616 1024 S.
636 951 783 1052 Dionysii
800 949 842 1026 ad
858 951 1064 1026 Timotheum
1084 949 1128 1024 Dc
1149 969 1241 1026 meru
1257 951 1462 1052 Apostolorum
1473 952 1556 1025 Petri
1573 972 1601 1025 ct
1618 954 1710 1026 Pauli
1728 970 1829 1030 exstat

252 1075 471 1176 manuscripta
490 1075 526 1146 in
549 1073 658 1173 graecis
684 1071 848 1146 codicibus
865 1072 1162 1146 vindobonensibus
1175 1075 1266 1172 juxta
1288 1073 1325 1146 P.
1343 1057 1566 1159 lambecium,
1587 1101 1714 1149 necnon
1736 1091 1769 1150 et
1792 1078 1827 1150 iu

253 1195 434 1268 florentinis
447 1196 539 1296 juxta
552 1196 582 1268 l.
597 1197 634 1270 Α.
655 1194 850 1268 Fabricium.
869 1193 910 1267 tt
921 1221 1091 1295 nunquam
1107 1193 1214 1266 adhuc
1228 1193 1359 1294 prodiit.
1376 1193 1483 1294 Hujus
1495 1195 1673 1268 versionem
1692 1195 1827 1272 latinam

251 1317 347 1390 multi
364 1329 487 1390 norunt
502 1331 658 1390 auctores.
675 1315 720 1389 Ex
742 1343 779 1388 ea
799 1314 905 1389 Carol.
920 1315 1176 1389 Bartholomaeus
1190 1315 1316 1399 Piazza,
1335 1316 1371 1387 in
1388 1342 1448 1388 suo
1468 1315 1652 1416 llmerologio
1669 1345 1790 1390 monaco
1801 1323 1826 1403 ¹,

252 1437 481 1512 salutationem
497 1438 585 1511 Petri
603 1451 634 1510 et
652 1437 747 1510 Pauli
765 1435 885 1535 allegat
900 1464 936 1510 er
956 1435 1144 1510 Roccaberti
1163 1436 1339 1509 Bibb’otlreco
1355 1436 1523 1537 pontptcia,
1544 1451 1566 1510 t.
1584 1437 1614 1521 l,
1630 1465 1663 1537 p.
1685 1439 1749 1522 l8,
1768 1439 1827 1512 ubi

252 1575 361 1632 tamen
374 1559 457 1632 nihil
473 1558 662 1658 hujusmodi
675 1558 854 1658 reperimus
871 1559 906 1631 in
918 1557 1062 1631 editione
1075 1584 1173 1658 quam
1192 1585 1258 1658 prae
1273 1557 1425 1630 manibus
1440 1557 1561 1630 habere
1573 1557 1674 1630 licuit.
1692 1560 1828 1634 Codices

250 1695 360 1756 tamen
383 1681 492 1752 latinae
516 1680 671 1752 versionis
695 1680 883 1780 frequentes
911 1691 988 1752 sunt
1011 1679 1046 1751 in
1067 1679 1273 1752 bibliothecis
1300 1677 1428 1764 Gallim,
1458 1679 1575 1766 lteliae,
1599 1677 1718 1779 Belgii,
1747 1694 1826 1768 etc.;

250 1815 349 1902 atque
363 1801 491 1902 jamdiu
511 1802 663 1874 salutatio
679 1801 767 1874 Petri
787 1815 819 1874 et
836 1801 946 1885 Pauli,
965 1827 1002 1874 ex
1021 1801 1082 1874 hac
1099 1801 1245 1874 versione
1264 1799 1440 1900 descripta,
1458 1813 1591 1872 exornat
1607 1801 1773 1876 ecclesiam
1790 1803 1826 1876 in

249 1923 408 1996 honorem
425 1923 483 1995 SS.
501 1921 588 1996 Petri
604 1935 635 1994 et
650 1921 745 1995 Pauli
760 1934 976 1996 constructam
991 1922 1027 1994 iu
1045 1922 1094 1994 via
1110 1919 1268 2006 Ostiensi,
1284 1921 1374 1993 baud
1387 1921 1503 2021 procul
1518 1947 1537 1992 a
1551 1935 1646 2021 porta
1663 1921 1699 1994 S.
1714 1922 1825 2010 Pauli,

248 2045 283 2116 in
301 2045 370 2144 ipsa
386 2071 461 2117 area
479 2044 553 2128 ubi,
570 2044 750 2116 secundum
773 2045 942 2144 antiquam
959 2043 1186 2129 traditionem,
1204 2043 1300 2116 ambo
1315 2042 1461 2142 Apostoli
1479 2043 1567 2115 nsihi
1582 2057 1696 2116 mutuo
1711 2071 1825 2144 pacem

250 2163 436 2237 «dederunt
454 2177 552 2264 atquo
570 2165 611 2236 ab
630 2164 767 2237 invicem
786 2176 1003 2248 recessemnt,
1017 2163 1077 2236 iste
1097 2177 1134 2235 ut
1155 2163 1198 2235 ad
1222 2189 1366 2248 crucem,
1382 2163 1437 2236 ille
1460 2177 1497 2236 ut
1521 2163 1563 2236 ad
1584 2163 1704 2238 cedem
1725 2166 1824 2240 ireta.

249 2284 377 2357 Publici
388 2285 474 2383 juris
489 2285 607 2356 laetam
618 2284 797 2358 versionem
814 2283 950 2356 latinam
962 2295 1187 2370 assemeront,
1202 2284 1237 2356 ni
1250 2281 1406 2370 fallimur,
1426 2283 1603 2358 doctissimi
1615 2286 1825 2362 Bollaudistae

249 2406 290 2478 ad
306 2405 392 2478 diem
411 2432 532 2478 nonam
547 2405 703 2491 octobris,
723 2418 756 2477 at
771 2431 843 2477 eam
858 2404 976 2477 nullibi
992 2405 1144 2504 detegere
1158 2404 1330 2477 valuimus.

299 2526 391 2599 Hanc
410 2525 578 2628 epistolam
594 2525 692 2598 luisse
710 2525 912 2597 notissimam
925 2524 1090 2598 orientalis
1104 2524 1253 2599 Ecclesia
1272 2524 1424 2599 fidelibus
1439 2540 1579 2612 constat,
1595 2540 1666 2600 tum
1686 2555 1823 2603 numero

247 2648 431 2722 versionum
454 2661 487 2720 et
509 2647 658 2720 codicum
682 2674 755 2748 quae
776 2673 846 2718 eam
866 2647 1034 2720 continent
1056 2647 1145 2748 apud
1165 2648 1338 2733 Armenoc,
1360 2647 1475 2747 Syros,
1495 2648 1632 2734 Arabes,
1656 2650 1773 2752 Coptas
1790 2663 1823 2724 et

246 2769 427 2872 AEthiopes3
445 2782 515 2841 tum
530 2768 696 2842 mentione
712 2794 811 2868 quam
825 2766 1005 2840 identidem
1023 2768 1121 2867 hujus
1136 2767 1279 2869 epistolae
1297 2768 1446 2870 injiciunt
1460 2769 1631 2871 scriptores
1644 2769 1735 2843 haud
1749 2797 1822 2844 me-

246 2890 364 2964 diocris
389 2904 489 2976 notar,
508 2903 545 2961 ut
562 2887 736 2989 Dionysius
751 2887 1001 2961 Bartsalibasus²
1017 2888 1216 2974 Amidensis,
1233 2889 1291 2991 qui
1307 2916 1381 2963 eam
1402 2889 1522 2990 allegat
1544 2891 1587 2963 ad
1605 2891 1703 2963 finem
1722 2893 1820 2966 Com-

245 3011 396 3084 mentarii
411 3011 462 3082 sui
474 3009 509 3082 in
524 3010 561 3084 S.
571 3007 746 3097 loannem,
759 3023 791 3082 et
803 3024 916 3083 auctor
928 3009 1115 3084 collectanei
1125 3011 1215 3114 quod
1230 3011 1414 3084 continetur
1422 3011 1457 3085 in
1472 3011 1696 3114 antiquissimo
1710 3013 1819 3087 codice

244 3131 349 3206 Musei
365 3130 544 3205 Britannici
565 3157 631 3232 ¹7⁹
643 3135 703 3216 tlt,
722 3131 781 3206 uhi
796 3132 931 3234 epistola
953 3148 1226 3207 commemoratur
1241 3133 1267 3205 l'
1283 3135 1342 3234 75.
1354 3133 1435 3206 lnde
1450 3147 1586 3236 apparet
1595 3134 1665 3233 jam
1680 3135 1818 3236 septimo

244 3252 361 3328 saecnlo
378 3254 609 3328 documentum
626 3267 773 3328 nostrum
788 3255 888 3328 luisse
899 3255 988 3357 apud
999 3253 1181 3328 Orientales
1196 3255 1469 3356 acceptissimum,
1485 3255 1563 3357 quia
1580 3255 1679 3327 codex
1695 3283 1762 3355 172
1773 3258 1816 3330 ab

244 3389 292 3448 est
322 3374 409 3449 illius
437 3375 537 3448 atatis
549 3381 573 3449 ³.
601 3376 772 3478 Duplicem
799 3376 898 3475 hujus
926 3374 1068 3476 epistola
1095 3377 1275 3449 versionem
1304 3376 1394 3475 apud
1418 3377 1575 3450 Armenos
1598 3377 1752 3450 exstitisse
1781 3405 1819 3452 ex

244 3497 409 3570 codicibus
424 3497 631 3571 Bibliotheca
646 3496 837 3571 Parisiensis
856 3496 1014 3568 novimus.
1029 3495 1105 3567 Tria
1122 3495 1318 3596 exemplaria
1333 3497 1368 3568 in
1388 3521 1521 3569 armena
1538 3499 1653 3596 lingua
1669 3499 1816 3583 Parisiis,

196 3673 199 3678 -
242 3620 309 3692 duo
334 3620 369 3692 in
392 3647 480 3720 syra,
504 3619 600 3720 plura
622 3619 657 3691 in
679 3617 808 3690 arabica
833 3630 865 3690 et
889 3615 1075 3715 aethiopica,
1095 3615 1160 3688 sive
1185 3615 1331 3701 Parisiis,
1352 3615 1417 3688 sive
1440 3615 1565 3700 llomre,
1586 3618 1651 3689 sive
1677 3618 1818 3692 Londini

241 3741 360 3826 latent;
379 3754 477 3839 atque
503 3739 662 3813 nonnulla
687 3765 791 3840 usque
816 3738 859 3810 ad
880 3735 1033 3810 saeculum
1059 3736 1305 3824 duodecimum,
1324 3736 1504 3822 decimum,
1520 3735 1586 3808 imo
1612 3749 1644 3808 et
1669 3749 1816 3812 octavum

241 3861 442 3960 pertingunt.
460 3859 553 3932 Unde
576 3861 734 3960 conjicere
750 3859 825 3932 licet
841 3859 903 3932 hoc
923 3872 1171 3935 monumentum
1190 3857 1331 3960 quadam
1350 3857 1539 3932 auctoritate
1557 3858 1700 3958 gavisum
1716 3859 1816 3934 luisse

242 3981 277 4053 in
292 3979 466 4052 christiana
485 3979 689 4079 antiquitate.

293 4101 413 4175 Mirum
428 4100 530 4201 igitur
543 4129 610 4174 non
625 4100 787 4175 videbitur
804 4103 893 4204 qnod
909 4102 969 4175 viri
986 4102 1073 4176 docti
1087 4102 1212 4203 plures,
1229 4102 1350 4176 recenti
1369 4115 1530 4204 tempore,
1544 4101 1629 4175 banc
1646 4103 1814 4204 epistolam

242 4252 260 4298 e
277 4223 549 4298 bibliothecarum
568 4223 691 4296 scriniis
706 4224 841 4297 excitare
859 4225 1062 4298 tentaverint.
1076 4225 1165 4296 lnter
1179 4250 1234 4296 eos
1248 4224 1501 4296 memorabimus
1515 4223 1814 4298 Eminentissimum

243 4346 450 4420 Cardinalem
466 4348 494 4420 J.
511 4346 549 4419 B.
568 4345 673 4432 Pitra,
693 4345 764 4448 qui,
785 4360 958 4448 postquam
973 4346 1093 4419 frustra
1111 4371 1171 4446 per
1185 4345 1288 4418 varias
1302 4345 1439 4447 Europe
1458 4345 1672 4419 bibliothecas
1691 4345 1813 4419 editum

240 4479 360 4540 textum
380 4467 572 4568 quaesiisset,
589 4466 657 4568 ipse
677 4466 785 4540 latina
800 4466 954 4540 versionis
970 4465 1095 4540 codices
1109 4465 1286 4539 Mediolani
1301 4466 1384 4541 duos
1403 4481 1435 4540 et
1451 4467 1604 4568 Lugduni
1620 4467 1813 4540 batavorum

241 4615 343 4661 unum
366 4589 566 4692 transcripsit
589 4603 647 4661 aut
670 4588 822 4674 contulit,
843 4590 1088 4691 versionemque
1111 4615 1147 4662 er
1168 4615 1302 4662 armeno
1319 4591 1489 4691 parisiensi
1511 4589 1654 4692 quodam
1678 4589 1813 4691 antiquo

239 4709 348 4783 codice
365 4708 465 4781 latine
481 4711 715 4784 conficiendam
726 4712 863 4794 curavit3
880 4725 978 4813 atque
989 4711 1098 4784 omnia
1114 4739 1187 4784 cum
1199 4711 1292 4784 docte
1309 4726 1341 4784 et
1355 4726 1502 4785 accurate
1516 4739 1576 4813 pro
1590 4737 1680 4786 more
1694 4739 1753 4784 suo
1770 4710 1812 4783 ad

238 4832 414 4906 editionem
440 4832 584 4905 futuram
611 4847 771 4934 parasset,
797 4861 836 4906 ea
862 4833 1088 4908 benevolentia
1108 4861 1173 4935 qua
1198 4833 1286 4935 apud
1310 4861 1423 4907 omnes
1448 4849 1543 4907 notus
1571 4846 1635 4918 est,
1654 4832 1811 4908 canonico

238 4953 341 5028 Davin
356 4952 550 5026 Ver-saliensi
566 4956 660 5028 cessit
678 4967 714 5026 ot
731 4982 768 5027 ea
786 4955 820 5026 in
839 4955 943 5029 Gallia
958 4956 1079 5029 ederet.

274 5161 330 5216 ¹G.
354 5158 374 5213 tt
406 5157 505 5221 Piera,
533 5159 711 5236 Emerologv'om
744 5179 883 5224 monum,
913 5170 931 5215 t.
960 5161 985 5226 l,
1060 5160 1360 5236 pag.158.-Conler
1389 5168 1450 5215 tom.
1473 5159 1521 5224 lll,
1548 5165 1613 5233 pert.
1639 5157 1662 5222 l,
1690 5175 1747 5232 pag.
1768 5159 1810 5213 13.

237 5271 292 5327 pap.
308 5253 375 5318 tes,
389 5251 436 5308 ool.
450 5271 475 5306 s.
1097 5258 1107 5288 ³
1126 5254 1167 5307 W.
1183 5253 1295 5329 Wrigbt,
1316 5253 1448 5329 catalogue
1466 5253 1496 5324 ο]
1508 5253 1590 5324 cyriae
1608 5251 1769 5323 ιιιιιιιιιιιιίριι
1784 5251 1810 5304 tn

272 5349 281 5380 ¹
300 5347 322 5402 l.
339 5347 365 5400 S.
382 5348 538 5410 assemanus,
557 5345 700 5402 Bibliotheca
719 5348 855 5412 ινίιιιιιιιιι,
871 5351 930 5402 ιοιιι.
947 5348 986 5412 n,
1060 5349 1098 5402 tls
1110 5346 1334 5415 Rrr'rr'rtlluscsm,
1348 5355 1394 5403 etc.
1408 5355 1427 5402 t.
1441 5347 1476 5411 ll,
1492 5364 1518 5420 p.
1532 5345 1662 5419 prb-9¹7.
1903 5353 1907 5360 '
