3990 6092
228 586 296 654 268
580 585 754 653 PATRUM
783 583 1187 653 ANTENICAENORUM
1217 585 1453 654 tNlLucrl.

226 737 313 836 plius
326 733 489 810 dicemus:
508 737 653 808 «Eamus
670 735 712 808 ad
726 734 882 818 Paulum,
896 747 932 807 ut
946 734 1234 834 interpretamenta
1251 737 1321 836 ejus
1334 735 1542 810 audiamusn
1556 736 1644 821 Ouid
1662 738 1801 839 amplius

227 883 360 956 egemus
377 856 564 956 Prophetis,
578 883 651 928 cum
668 856 933 957 propheticorum
951 855 1108 928 librorum
1132 856 1396 964 nobis'deliciant
1413 858 1627 958 interpretes?
1650 859 1710 932 Cui
1729 874 1801 932 tuos

227 978 391 1052 credidisti
406 978 597 1079 discipulos,
614 978 762 1051 edoctor
780 978 937 1050 veritatis!
955 978 1053 1050 beata
1070 978 1172 1051 lloma
1190 1005 1262 1079 quae
1280 993 1402 1052 tantam
1418 980 1537 1053 meruit
1554 979 1685 1081 adipisci
1707 981 1802 1054 celsi-

227 1101 373 1174 tudinem
395 1102 403 1174 J
425 1101 505 1173 Vere
524 1128 651 1174 sorores
672 1114 749 1173 sunt
777 1099 955 1174 Jerusalem
979 1113 1010 1172 et
1033 1099 1158 1173 Roma:
1179 1099 1233 1172 illa
1255 1100 1372 1174 occidit
1395 1101 1574 1186 Christum,
1593 1100 1660 1176 baec
1685 1103 1802 1176 occidit

228 1222 411 1323 apostolosl
433 1222 579 1294 Christi:
600 1221 796 1323 [Jerusalem
819 1221 932 1294 adorat
954 1248 1050 1321 quem
1073 1222 1160 1293 cruci
1183 1222 1282 1293 affixit
1304 1235 1335 1294 et
1357 1223 1456 1295 Roma
1480 1223 1621 1295 celebrat
1638 1249 1720 1324 quos
1740 1251 1802 1298 ne-

228 1343 331 1416 cavit²
345 1341 371 1444 l]

278 1464 362 1536 Vlll.
392 1465 504 1537 l'ratar
524 1464 571 1537 mi
588 1463 771 1548 Timothee,
789 1492 913 1538 summe
930 1465 1050 1536 mirum
1068 1464 1191 1566 aliquid
1215 1466 1364 1566 conspexi
1391 1466 1443 1538 die
1468 1493 1535 1568 qua
1557 1467 1702 1539 coronati
1726 1481 1803 1540 sunt

230 1587 344 1658 Petrus
361 1599 393 1658 et
411 1587 543 1659 Pavdus.
561 1586 643 1658 Cum
660 1586 746 1658 enim
760 1586 841 1658 alter
857 1584 898 1657 ab
914 1585 1014 1658 altero
1032 1588 1196 1686 sejunctus
1208 1587 1354 1672 fuisset³,
1369 1585 1458 1688 [post
1476 1614 1588 1661 eorum
1605 1602 1741 1661 mortem
1753 1587 1801 1690 ‘l’

229 1707 295 1779 vidi
317 1735 372 1780 eos
391 1707 482 1808 [ante
500 1706 589 1809 me⁵]
603 1693 739 1780 civitatis
755 1713 905 1808 portam⁶
922 1708 1102 1806 ingressos,
1123 1709 1308 1782 seinvicem
1326 1736 1427 1783 manu
1446 1723 1603 1782 tenentes.
1616 1710 1727 1810 Neque
1740 1737 1800 1809 ego

229 1828 316 1901 solus
331 1827 393 1902 hoc
411 1829 621 1931 contemplari
638 1829 755 1928 dignus
771 1829 901 1902 habitus
917 1821 1005 1913 sum,
1025 1857 1136 1902 verum
1154 1843 1186 1902 et
1203 1831 1442 1903 adolescentula
1459 1831 1623 1931 quadam,
1644 1859 1716 1932 quae
1734 1846 1803 1904 crat

230 1951 271 2023 de
289 1979 407 2049 genere
424 1951 517 2052 impii
533 1951 684 2036 Neronis,
705 1979 869 2052 quamque
888 1951 1008 2025 Paulus
1026 1953 1250 2054 baptizaverat.
1271 1955 1353 2027 Cum
1371 1955 1458 2027 enim
1474 1955 1595 2028 Paulus
1612 1955 1801 2054 martyrium

230 2100 383 2172 passurus
402 2074 514 2158 exiret,
533 2073 573 2146 ab
587 2101 625 2146 ea
638 2073 805 2147 sudarium
820 2074 986 2176 quoddam
1003 2088 1117 2148 mutuo
1130 2077 1269 2177 accepit,
1285 2075 1441 2177 pollicens
1460 2076 1542 2148 illud
1557 2075 1714 2149 reddere⁷
1728 2103 1801 2149 cum

230 2194 361 2268 rediret.
380 2195 465 2268 Dum
485 2200 615 2268 autem⁸
635 2209 732 2296 caput
750 2196 920 2268 inclinaret
933 2196 995 2268 sub
1014 2197 1123 2294 gladio
1146 2197 1260 2299 faciem
1277 2197 1311 2269 ia
1334 2197 1465 2270 sudario
1480 2198 1632 2282 obvolvit,
1653 2211 1804 2298 amputa-

231 2330 328 2416 toque
346 2318 466 2418 capite,
489 2317 585 2390 iacies
606 2317 738 2390 sudario
762 2316 913 2390 obvoluta
937 2319 1101 2390 remansit.
1122 2318 1345 2391 Redeuntibus
1365 2347 1439 2392 vero
1463 2319 1705 2392 centurionibus
1726 2319 1805 2392 dixit

232 2437 471 2510 adolescentula
493 2438 581 2510 ista:
607 2437 695 2512 «Ubi
723 2453 771 2510 est
794 2439 962 2511 Paulusia
991 2439 1039 2513 llli
1064 2453 1173 2512 autem
1196 2439 1456 2540 responderunt:
1482 2439 1640 2514 «Occisus
1658 2442 1745 2539 jacet
1768 2441 1802 2512 in

232 2559 416 2644 «Amant,
434 2559 516 2631 facie
532 2558 682 2633 obvoluta
702 2560 736 2632 ia
754 2560 885 2633 sudario
910 2574 965 2633 tuo
984 2558 1097 2663 (2J7)
1115 2561 1339 2662 sanguineque
1357 2588 1416 2633 suo
1438 2561 1708 2634 commaculatas
1724 2561 1805 2644 Quae

231 2681 389 2780 extemplo
408 2680 487 2753 dixit
509 2680 555 2753 eis
573 2713 581 2753 :
601 2680 674 2753 «En
694 2681 807 2752 Petrus
830 2694 862 2753 et
882 2680 1003 2753 Paulus
1026 2681 1219 2781 praeiverunt
1241 2682 1331 2755 vobis
1353 2681 1448 2780 regiis
1471 2683 1612 2754 vestibus
1628 2681 1750 2766 induti,
1769 2683 1804 2753 in

233 2803 361 2901 scopite
379 2827 513 2875 coronas
535 2815 707 2900 gestantes.
732 2803 779 2874 En
792 2807 818 2850 ¹⁰
845 2801 1011 2874 sudarium
1032 2802 1121 2903 quod
1144 2803 1246 2875 Paulo
1270 2803 1461 2876 dederamn
1488 2804 1603 2886 Porro,
1623 2830 1696 2876 cum
1721 2802 1805 2875 illud

271 3019 277 3048 ¹
298 3018 316 3071 Δ
331 3015 459 3088 &capulos
473 3016 532 3088 ejas.
547 3048 584 3057 -
595 3019 604 3049 ¹
625 3016 734 3070 domitt.
753 3049 787 3056 —
802 3020 812 3049 ³
832 3019 907 3071 Aaou
919 3016 980 3070 onim
1055 3017 1136 3071 omitt.
1149 3026 1235 3070 auten.
1257 3048 1294 3058 -
1311 3019 1320 3049 ⁹
1339 3016 1406 3081 Quid
1423 3015 1546 3092 signilioet
1559 3036 1602 3072 vox
1622 3017 1664 3072 illa
1683 3035 1806 3072 acaunum

232 3109 294 3163 alter
308 3109 338 3162 ab
352 3109 427 3163 altero
438 3111 544 3182 morati
557 3129 650 3164 sumus.
663 3111 721 3151 -“
741 3110 852 3165 Romitt.
865 3118 891 3164 et
902 3109 980 3186 legit:
1056 3109 1128 3184 plane
1148 3111 1281 3165 nescimus.
1303 3109 1330 3164 ln
1348 3109 1457 3165 editione
1471 3111 1545 3165 latina
1568 3110 1680 3185 ejusdem
1696 3109 1805 3184 epistola

233 3205 339 3257 cmoaati
353 3215 410 3256 aunt
426 3203 494 3257 ambo
506 3214 598 3276 posue
613 3207 674 3244 —⁵
695 3203 806 3258 uomiu
825 3237 862 3245 -
877 3207 887 3238 ⁸
906 3206 982 3277 Aper
1057 3203 1177 3279 legimus:
1191 3202 1257 3256 lacot
1270 3202 1304 3257 iti
1319 3205 1344 3256 in
1356 3203 1417 3257 aa&
1427 3203 1554 3278 pugilum,
1569 3215 1591 3257 at
1607 3204 1657 3258 calo
1673 3215 1712 3257 tuo
1728 3203 1806 3258 atavo

234 3308 410 3370 aucupantem
420 3298 500 3351 simul.
511 3300 568 3338 -7
587 3298 700 3372 Aoffms
710 3317 764 3351 cum
773 3299 870 3352 ouant.
883 3331 920 3338 -
934 3301 943 3330 ³
962 3301 981 3353 Δ
1057 3297 1176 3371 adsocies
1191 3297 1251 3368 episc.
1262 3329 1300 3336 -
1313 3298 1331 3331 ¹⁰
1350 3297 1368 3352 d
1384 3297 1465 3351 omitt.
1475 3315 1511 3351 on.

234 3653 403 3715 venientium
415 3652 450 3714 ad
465 3675 524 3714 nos.
536 3650 597 3713 Jam
611 3672 694 3713 nemo
708 3648 833 3711 dicturus
843 3657 899 3712 est:
913 3647 1036 3709 ammos
1045 3657 1073 3709 et
1084 3646 1227 3710 videamus
1239 3648 1366 3711 doctores
1377 3661 1485 3711 nostros
1500 3659 1527 3712 et
1541 3649 1744 3734 interrogemus
1758 3669 1806 3711 eos

237 3755 374 3839 equaliter
383 3777 480 3840 regere
488 3777 539 3817 nos
547 3763 673 3839 oporteat
682 3751 808 3815 ecclesias
815 3750 895 3814 nohis
903 3750 1063 3813 commissas
1071 3761 1098 3813 et
1106 3751 1362 3835 interpretabuntur
1373 3752 1453 3814 nobis
1464 3752 1547 3816 verba
1557 3753 1668 3815 Domini
1676 3753 1708 3815 N.
1719 3751 1746 3814 J.
1755 3751 1806 3814 Ch.

237 3868 283 3921 aet
292 3860 401 3944 eloquia
411 3858 643 3943 Prophetarum.»
658 3855 809 3918 Jerusalem
820 3865 847 3916 et
858 3854 946 3917 Roma
956 3875 1041 3938 prava
1054 3855 1173 3917 amicitia
1186 3856 1338 3940 coequales
1352 3855 1505 3918 factasunt
1516 3857 1545 3918 in
1560 3856 1642 3918 malo.
1655 3855 1805 3918 Jemsalem

235 3961 384 4024 crucifixit¹
403 3959 551 4023 Dominum
570 3967 695 4021 nostrum
710 3956 735 4019 J.
751 3957 907 4028 Christum,
924 3956 1010 4020 Roma
1025 3979 1090 4020 vero
1107 3959 1166 4043 ejus
1183 3959 1321 4042 apostolos
1335 3958 1501 4021 interemit'.
1518 3957 1670 4022 Jerusalem
1681 3958 1766 4021 servit
1782 3957 1808 4019 ei

235 4085 319 4148 qaam
335 4063 484 4135 crucifixit,
503 4061 589 4123 Roma
607 4070 701 4122 autem
713 4058 915 4121 solemnisando
929 4059 1066 4143 glorificat
1084 4081 1155 4145 quos
1169 4059 1316 4122 interemit.

277 4163 349 4226 Vlll.
375 4163 489 4226 attende
510 4162 689 4233 miraculum,
711 4161 773 4224 vide
794 4161 970 4247 prodigium,
989 4162 1074 4224 irater
1092 4163 1132 4224 mi
1151 4161 1261 4235 dilecte,
1287 4163 1317 4224 in
1336 4162 1382 4225 die
1400 4161 1593 4224 victimationis
1611 4181 1723 4231 aarum,
1743 4179 1809 4220 nam

236 4277 337 4352 presto
349 4267 389 4328 lui
405 4266 432 4328 ia
447 4265 493 4328 die
505 4265 685 4350 separationis
699 4287 806 4328 eorum.
823 4264 887 4327 Post
900 4275 1019 4328 mortem
1031 4275 1124 4328 autem
1140 4265 1250 4328 illorum
1266 4265 1321 4327 vidi
1342 4287 1388 4327 eos
1404 4264 1522 4326 invicem
1537 4285 1622 4325 mana
1638 4261 1673 4323 ad
1692 4281 1808 4322 manum

237 4370 369 4432 inhiantes
384 4379 479 4453 portas
493 4369 582 4437 urbis,
594 4367 705 4430 indutos
713 4369 806 4440 lineis,
820 4378 894 4432 veste
905 4369 1017 4432 luminis
1025 4378 1052 4432 et
1061 4369 1205 4441 claritatis,
1219 4369 1314 4431 etluce
1325 4377 1478 4430 coronatos.
1495 4366 1553 4428 Non
1565 4374 1658 4426 autem
1669 4383 1721 4448 ego
1732 4361 1808 4424 solus

236 4494 284 4535 eos
295 4473 334 4535 sic
346 4472 401 4535 vidi
414 4473 462 4534 sed
472 4483 500 4535 et
511 4472 641 4535 Lemobia
650 4471 833 4557 'pedissequa
846 4473 920 4556 regis
928 4471 947 4543 ⁴,
957 4495 1020 4557 quas
1028 4471 1162 4556 discipula
1173 4482 1233 4533 erat
1245 4471 1321 4533 Pauli
1331 4472 1351 4530 ⁸.
1366 4469 1473 4532 Etcum
1486 4468 1634 4531 duceretur
1642 4466 1679 4529 ud
1691 4474 1809 4528 mortem

236 4575 339 4638 Paulus
353 4585 381 4638 et
394 4574 573 4661 egrederetur
586 4597 619 4638 ex
636 4575 719 4646 urbe,
736 4575 855 4638 occurrit
869 4576 893 4637 ei
913 4574 1078 4659 pedissequa
1093 4574 1138 4636 illa
1158 4573 1227 4635 dens
1247 4595 1310 4635 cum
1325 4573 1454 4634 lamento.
1468 4571 1546 4633 Tunc
1562 4571 1632 4632 dixit
1645 4571 1671 4632 ei
1688 4568 1809 4632 Paulus:

239 4678 318 4741 «Noli
332 4679 412 4751 flere,
426 4678 474 4741 sed
487 4678 522 4740 da
538 4678 606 4740 mihi
621 4679 782 4762 velumque
796 4678 1107 4763 operiturcaputtuum
1122 4685 1150 4738 et
1165 4676 1258 4738 statim
1274 4673 1325 4736 tibi
1341 4675 1515 4737 restituam.»
1533 4673 1707 4736 Percutiente
1717 4681 1810 4734 autem

235 4792 264 4844 et
275 4790 437 4866 amputante
451 4790 535 4866 caput
545 4780 638 4851 Pauli,
652 4789 711 4842 turn
724 4779 900 4842 beatissimus
911 4779 938 4840 in
955 4780 1015 4864 ipso
1029 4777 1086 4840 ictu
1102 4777 1232 4860 explicuit
1244 4777 1334 4838 velum
1350 4787 1378 4839 et
1389 4777 1499 4862 collegit
1513 4776 1677 4863 sanguinem
1694 4776 1722 4838 in
1736 4773 1810 4844 valo,

236 4885 387 4970 ligavitque
399 4885 490 4948 velum
503 4895 531 4946 et
543 4881 658 4946 involvit
671 4880 700 4946 et
711 4883 824 4945 tradidit
835 4883 875 4944 illi
889 4882 1007 4944 laminas.
1026 4879 1113 4965 [Cum
1126 4889 1220 4942 autem
1235 4880 1437 4943 sanctissimum
1458 4890 1542 4965 caput
1560 4879 1620 4964 ejcvs
1630 4879 1735 4964 jaceret
1751 4897 1812 4939 am·

237 4998 367 5073 putatum
386 4989 415 5051 in
436 4997 507 5050 terra
522 4987 637 5050 elevavit
651 5007 694 5056 se,
707 4995 735 5048 et
749 4987 856 5050 resiluit
866 4985 921 5048 huc
935 4993 1019 5068 atque
1033 4983 1112 5054 illue,
1130 4982 1252 5046 clamans
1266 4983 1326 5047 sine
1340 4984 1544 5047 intermissione
1558 5007 1565 5046 ι
1584 4983 1698 5056 nJesus,
1716 4979 1810 5052 Jesus,

240 5091 353 5154 oJesus⁶
363 5093 369 5152 l
378 5091 403 5175 a]
413 5091 446 5153 Et
455 5091 576 5154 eamifici
584 5089 653 5152 dixit
661 5089 699 5150 ita
709 5088 871 5152 Lemobia⁷:
883 5085 955 5149 «Ubi
963 5085 1096 5148 demisisti
1104 5086 1270 5172 magistrum
1280 5089 1443 5151 nostmmlv
1453 5085 1606 5171 Respondit
1612 5085 1707 5148 miles:
1719 5081 1814 5146 «teat

277 5300 282 5329 ¹
303 5297 322 5350 C
343 5297 471 5369 transjicit.
490 5301 549 5337 -¹
569 5297 588 5350 C
604 5296 726 5368 interfecit.
744 5325 778 5336 -
795 5297 805 5326 ³
825 5295 843 5349 C
858 5291 988 5347 bombica
1004 5294 1060 5334 —‘
1080 5293 1203 5348 damtuna
1222 5296 1311 5349 terasia.
1327 5325 1364 5335 —-
1385 5296 1395 5327 ⁸
1415 5291 1469 5348 ΑΡ
1490 5293 1541 5348 ¹56
1557 5295 1587 5358 v',
1605 5292 1650 5346 col.
1666 5309 1689 5345 ι.
1706 5319 1744 5331 --
1762 5290 1772 5321 ⁸
1792 5287 1810 5342 tl

238 5390 336 5446 onuttit.
351 5423 386 5431 -
400 5392 409 5422 ⁷
430 5391 449 5445 B
463 5387 563 5444 Posthac
578 5389 640 5443 dixit
656 5388 779 5450 boucolio,
790 5387 946 5462 pedissequa,
964 5389 1033 5442 militi
1047 5387 1162 5463 carvvrfici.
