4006 6098
530 549 730 618 SANCTUS
761 549 1025 618 outoonms
1053 549 1434 620 anUnannoUS.
1696 552 1765 623 395

195 699 344 775 revelavit
359 727 425 800 qua
439 699 522 772 latro
537 700 724 799 paradisum
739 698 854 772 Adomi
871 700 1034 796 ingressus
1052 715 1100 773 est
1117 698 1299 801 (stltpllt
1313 698 1468 800 quoniam
1484 727 1591 800 neque
1608 700 1765 788 Gentiles,

136 848 142 856 ·
195 850 302 923 neque
322 820 443 905 ludaei,
465 847 572 920 neque
597 819 759 920 principes
783 819 985 894 sacerdotum
1012 821 1260 894 crediderunt-a
1283 822 1350 894 Deo
1373 821 1519 919 genitum
1541 821 1640 894 luisse
1662 801 1767 896 lilium

195 943 317 1043 absque
343 941 455 1014 dolore
485 953 518 1012 et
541 939 665 1040 absque
686 940 962 1042 viro,eapropter
983 941 1080 1014 bodie
1109 942 1143 1014 in
1169 969 1301 1042 corpore
1322 943 1363 1015 ad
1388 941 1516 1014 dolores
1545 944 1767 1016 sufferendum

195 1064 313 1136 idoneo
333 1061 487 1146 nascitur,
507 1089 624 1160 corpus
641 1059 818 1162 (Virginis)
834 1061 1077 1134 immaculatum
1102 1089 1241 1134 servans.
1259 1063 1475 1138 Manifestavit
1493 1091 1568 1136 vero
1588 1064 1767 1163 potentiam

195 1211 288 1256 suom
312 1197 349 1256 ut
367 1183 550 1256 ostenderet
565 1209 615 1267 se,
629 1195 666 1254 ut
684 1195 779 1256 natus
797 1195 866 1256 erat
882 1182 929 1256 de·
942 1183 1080 1281 virgine,
1098 1183 1280 1280 virginitate
1298 1184 1430 1282 uirginis
1450 1198 1601 1258 manente
1623 1185 1765 1283 integra3

196 1305 240 1375 ita
257 1331 325 1375 esso
343 1331 363 1374 a
381 1304 448 1376 Deo
469 1315 584 1374 natum
603 1301 725 1402 ubsque
746 1302 812 1374 ullu
829 1303 860 1378 vi
877 1316 935 1374 aut
951 1302 1080 1388 dolore,
1097 1316 1154 1375 aut
1175 1303 1261 1375 malo
1269 1344 1284 1388 ,·
1295 1315 1352 1375 aut
1372 1303 1520 1390 laesione,
1535 1305 1768 1378 substantiam-

196 1450 261 1525 que
273 1423 450 1497 divinitatis
463 1423 654 1496 remansisse
669 1424 822 1496 intactam
837 1423 915 1496 dum
928 1425 1014 1496 Deus
1030 1451 1066 1517 er
1084 1423 1153 1496 Deo
1169 1437 1365 1497 nasceretur.
1376 1424 1432 1509 At,
1450 1425 1605 1524 quoniam
1619 1424 1768 1497 homines

196 1547 301 1617 Deum
323 1545 568 1645 dereliquerunt
586 1557 624 1617 ut
638 1543 811 1617 bominum
832 1543 974 1646 depictas
992 1545 1113 1644 ligures
1134 1544 1203 1644 ejus
1225 1542 1296 1618 loco
1317 1544 1505 1630 adorarent,
1522 1547 1608 1619 Deus
1623 1545 1766 1618 Verbum

195 1665 336 1739 bominis
346 1667 482 1772 sennam
498 1666 685 1766 assumpsit,
698 1679 750 1751 ut,
762 1691 904 1737 errorem
918 1665 1079 1766 expellens
1093 1665 1325 1767 veritatemque
1336 1665 1535 1751 instaurans,
1547 1667 1766 1767 spernendum

195 1788 287 1861 illum
308 1788 429 1862 cultum
447 1788 482 1860 iu
505 1786 666 1861 oblivione
690 1787 843 1860 obrueret
862 1786 989 1889 sibique
1011 1789 1078 1861 Deo
1101 1786 1286 1861 conciliaret
1311 1786 1457 1861 debitum
1478 1789 1656 1874 bonorem,
1684 1801 1769 1890 quo-

196 1910 284 1983 niam
298 1911 405 2010 ipsum
424 1909 539 1982 decent
552 1909 655 2010 gloria
672 1921 704 1981 et
720 1907 866 1981 adoratio
882 1909 916 1980 in
933 1907 1050 1981 secula
1065 1908 1267 1982 saeculorum.
1284 1908 1397 1981 Amen.

858 2297 864 2308 .
963 2225 998 2304 1'1

705 2407 758 2468 on
778 2405 1075 2469 rnennnnrrone
1097 2404 1255 2468 noum.

248 2549 272 2623 l.
300 2549 476 2652 Postquam
497 2551 557 2623 nin
578 2550 670 2623 terris
690 2549 794 2624 visum
815 2562 848 2622 et
870 2578 944 2624 eum
967 2547 1157 2622 hominibus
1180 2561 1402 2622 conversatum
1423 2548 1605 2634 fuissem»,
1625 2549 1766 2624 Verbum

194 2669 399 2745 incarnatum
419 2686 529 2745 nostra
549 2699 621 2745 vere
637 2672 777 2774 portavit
794 2669 910 2756 onera,
932 2683 1032 2776 atque
1052 2671 1147 2744 nobis
1162 2671 1276 2755 ultius,
1297 2671 1394 2744 etiam
1417 2684 1454 2743 ut
1470 2670 1584 2755 bomo,
1606 2672 1766 2757 residens,

195 2791 372 2878 mirabilia,
395 2806 549 2894 tanquam
576 2792 701 2894 equale
724 2793 830 2879 Patri,
850 2793 984 2895 peregit.
1005 2792 1106 2866 Primi
1129 2793 1274 2894 parentis
1300 2791 1560 2875 damnationem,
1581 2803 1669 2864 cum
1685 2803 1768 2864 esset

194 2911 355 2988 secundus
372 2913 491 2999 Adam,
509 2913 655 3000 resolvit,
670 2926 857 3014 corruptum
879 2941 995 3014 eorpus
1015 2913 1255 3014 incorruptibili
1277 2941 1335 2986 suo
1354 2941 1488 3014 corpore
1508 2939 1681 2999 renovans,
1700 2913 1767 2986 ini-

195 3034 332 3107 micitias
349 3035 516 3120 auferens,
532 3063 549 3107 a
567 3035 660 3108 nobis
676 3060 792 3134 corpus
807 3045 975 3118 mutuans,
995 3034 1154 3132 nobisque
1172 3046 1289 3134 preter
1304 3047 1473 3133 peecatum
1489 3033 1594 3107 simile
1614 3034 1767 3119 existens,

196 3154 348 3228 omnibus
363 3155 473 3228 omnia
487 3156 607 3228 lartum
624 3168 683 3227 est.

246 3330 288 3403 ll.
317 3330 434 3417 Porro,
451 3359 525 3406 cum
543 3333 632 3406 Dens
648 3345 681 3403 et
697 3331 796 3404 homo
813 3324 934 3431 pariter
950 3328 1007 3412 sit,
1024 3328 1124 3430 priori
1141 3355 1201 3402 sua
1218 3325 1384 3402 nativitate
1404 3327 1492 3402 Patri
1514 3327 1676 3430 coequale
1696 3342 1766 3402 est:

195 3449 364 3551 posteriori
376 3479 450 3525 vero
467 3452 561 3527 nobis
579 3451 832 3553 primogenitum
846 3463 981 3524 estante
996 3464 1178 3523 creaturos:
1197 3450 1479 3550 nPrimogenitum
1490 3450 1622 3550 quidem
1637 3450 1671 3524 in
1684 3449 1769 3525 mul-

197 3573 262 3646 stis
279 3573 493 3659 lratribus²‚n
515 3603 574 3675 per
589 3574 698 3648 omnia
710 3573 816 3646 simile
832 3572 936 3658 Patri,
948 3572 1126 3646 secundum
1145 3573 1333 3658 essentiam,
1349 3600 1453 3644 unum
1469 3586 1500 3645 et
1515 3571 1603 3645 idem
1618 3571 1767 3674 estquod

196 3694 352 3767 miracula
370 3696 497 3796 perficit
514 3695 668 3798 quodque
694 3693 821 3768 dolores
843 3695 976 3767 suffert:
997 3693 1153 3795 quoniam
1175 3693 1294 3766 inuno
1315 3693 1496 3795 eodemque
1511 3693 1629 3766 Sancto
1645 3692 1769 3794 Spiritu

195 3816 344 3923 prodigia
360 3811 526 3919 perpetrat
542 3829 732 3916 nostrasque
745 3817 882 3888 sustinet
896 3815 1117 3901 infirmitates,
1132 3841 1216 3899 non,
1234 3826 1270 3887 ut
1284 3841 1360 3899 nos,
1377 3814 1566 3887 necessitate
1579 3826 1769 3915 naturaque

195 3936 283 4035 lege,
303 3964 413 4010 verum
432 3951 546 4040 sponte
561 3966 631 4010 sua.
650 3937 714 4010 Nos
735 3937 822 4009 enim
844 3949 953 4008 nostro
973 3935 1151 4009 voluntarie
1170 3962 1235 4009 non
1253 3935 1406 4036 patimur,
1426 3935 1484 4008 sed
1501 3935 1688 4008 necessitate
1705 3963 1768 4008 ua-

196 4072 334 4158 tureque
351 4059 520 4159 compulsi.
542 4059 578 4132 ln
595 4058 721 4132 Christo
739 4070 848 4130 eutem
868 4058 935 4130 Deo
954 4084 1004 4129 res
1025 4057 1069 4129 ita
1091 4084 1125 4130 se
1145 4083 1214 4129 non
1233 4055 1373 4142 babent;
1390 4057 1448 4130 sed
1464 4083 1537 4156 quos
1555 4055 1618 4128 sibi
1634 4055 1768 4157 placue-

195 4191 270 4251 runt
291 4178 402 4278 elegit,
422 4194 458 4252 ut
475 4181 601 4279 justum
618 4179 919 4278 intelligentemque
940 4175 1075 4268 decebat
1092 4177 1229 4251 Deum³.
1248 4177 1297 4249 lta
1313 4175 1413 4274 igitur
1426 4177 1461 4248 in
1474 4176 1640 4250 Salvatore
1660 4177 1769 4249 unitas

194 4301 332 4399 intelligi
348 4300 443 4373 debet
462 4328 570 4402 neque
589 4329 624 4373 ex
648 4299 768 4401 quibus
789 4311 914 4372 constet
930 4298 1170 4397 denegandum.
1188 4297 1280 4376 Unus
1297 4311 1346 4371 est
1365 4297 1451 4376 enim
1470 4297 1629 4372 Dominus
1646 4311 1766 4382 noster,

193 4421 286 4494 lesus
313 4422 475 4505 Christus,
501 4448 631 4522 unaque
658 4420 745 4492 illius
776 4446 931 4520 persona,
958 4419 1113 4521 quoniam
1135 4415 1247 4522 (ld5)
1271 4419 1330 4492 etsi
1355 4447 1391 4492 ex
1416 4419 1544 4492 duobus
1568 4417 1768 4518 intelligetur

196 4544 342 4627 existere,
362 4569 448 4614 unus
466 4555 574 4614 tamen
596 4556 628 4615 et
645 4540 734 4613 idem
757 4553 805 4613 est
821 4541 923 4613 Filius
941 4540 999 4613 Dei
1022 4555 1054 4614 et
1076 4541 1178 4616 Filius
1199 4541 1358 4627 bominis,
1377 4541 1533 4642 quoniam
1552 4540 1698 4640 ejusdem
1719 4552 1769 4613 est

197 4677 318 4734 naturae
341 4662 623 4763 comparentibus
644 4661 721 4734 suis.
739 4661 819 4746 Qui,
842 4674 917 4734 ante
936 4661 1069 4746 secula,
1089 4676 1185 4735 natus
1208 4677 1292 4735 esta
1309 4663 1422 4747 Patre,
1439 4661 1473 4734 in
1496 4661 1562 4735 fine
1584 4674 1766 4762 temporum

196 4810 233 4854 ex
255 4783 357 4856 Maria
380 4784 510 4884 Virgine
534 4797 623 4856 ortus
646 4796 708 4869 est3
736 4784 793 4883 qui
816 4798 863 4856 est
880 4783 914 4856 in
930 4783 1004 4854 sinu
1022 4783 1142 4867 Patris,
1166 4810 1281 4856 novem
1304 4809 1430 4856 menses
1452 4782 1597 4854 mulieris
1618 4783 1652 4853 in
1675 4793 1768 4854 utero

196 4905 324 4978 mansit.
344 4904 409 4989 Oui
428 4932 539 4978 omnes
565 4917 729 4977 creaturos
747 4933 781 4977 er
805 4904 906 4977 nihilo
923 4904 965 4978 ad
988 4931 1057 4979 esse
1074 4905 1223 4990 adduxit,
1241 4904 1383 4978 noscitur
1401 4915 1433 4976 et
1455 4901 1634 4976 secundum
1652 4930 1768 5003 eorpus

196 5025 318 5096 crescit.
343 5027 408 5110 Qui
429 5027 485 5099 dat
509 5053 615 5100 escam
642 5026 794 5099 omnibus
816 5025 1010 5112 viventibus,
1031 5025 1082 5099 lec
1104 5053 1220 5124 sugere
1243 5024 1509 5125 deprehenditur.
1527 5024 1608 5110 Qui,
1627 5021 1769 5125 panibus

239 5239 245 5270 ¹
266 5234 373 5292 Boruct.
384 5256 427 5300 nr,
441 5240 484 5294 38.
498 5271 535 5280 -
548 5244 557 5273 '
571 5237 611 5293 dd
628 5239 724 5294 Romen.
742 5257 800 5302 mn,
813 5257 856 5311 op.
870 5269 906 5280 -
920 5241 931 5274 ³
947 5239 1006 5296 llere
1022 5240 1142 5296 sententio
1159 5239 1253 5313 optime
1270 5237 1376 5294 rebraret
1385 5255 1442 5292 cum
1453 5244 1569 5294 tractator
1582 5237 1612 5292 de
1624 5235 1735 5292 mame
1745 5250 1768 5292 et

197 5329 341 5400 Inmouibiti
351 5331 485 5385 sententiis.
