3982 6082
707 937 1216 1063 rnouuuouuuu
1252 913 1254 917 ’

357 1222 429 1305 AD
464 1217 684 1302 PATRUM
721 1213 1216 1300 ANTENIGAENORUM
1253 1215 1559 1300 ANALECTA.

223 1688 492 1764 bibliothecarius
504 1699 620 1759 sanctae
632 1685 786 1758 Romanae
798 1683 962 1769 Ecclesia,
973 1682 1046 1783 qui,
1059 1710 1119 1784 pro
1131 1711 1189 1756 suo
1200 1683 1433 1757 humaniorum
1442 1685 1624 1758 litterarum
1637 1713 1747 1760 amore

170 1828 202 1886 et
218 1814 253 1886 in
273 1812 323 1885 rei
338 1809 518 1883 christianas
537 1807 810 1890 emolumentum,
825 1804 998 1878 consilium
1013 1804 1087 1877 iniit
1104 1831 1203 1876 noras
1219 1804 1354 1878 Petrum
1370 1806 1653 1880 Autenicaenorum
1671 1807 1749 1880 reli-

172 1934 268 2035 quias
289 1933 324 2004 in
346 1944 409 2004 tres
432 1942 537 2002 tomos
558 1926 750 2026 colligendi,
769 1926 902 2000 alterius
919 1925 1107 1998 hloeceaatis
1125 1926 1237 2008 instar,
1253 1926 1334 1998 mihi
1361 1929 1522 2000 commisit
1540 1928 1749 2002 nobilissimis

172 2055 259 2155 typis
271 2052 425 2126 mandare
440 2078 478 2124 ea
492 2077 565 2152 quae
580 2060 727 2149 spectant
741 2047 784 2120 ad
796 2047 923 2120 codices
938 2046 1126 2132 orientalem
1140 2059 1294 2145 praterea
1313 2046 1464 2132 indulsit,
1476 2048 1641 2122 modestus
1657 2077 1750 2148 aeque

171 2202 210 2248 ac
233 2173 419 2258 munificus,
438 2186 476 2246 ut
495 2171 536 2244 de
556 2171 617 2244 hac
639 2170 722 2242 serie
746 2195 805 2270 pro
829 2167 950 2240 viribus
972 2166 1181 2252 dissererem
1199 2168 1289 2267 quod
1315 2168 1499 2267 aggredior,
1517 2169 1625 2269 potius
1646 2171 1750 2271 respi-

170 2296 259 2370 ciens
271 2293 476 2394 singulorum
490 2293 622 2366 Patruus
638 2304 782 2391 tempus,
795 2317 894 2394 quam
906 2288 1054 2362 codicum
1069 2288 1565 2389 manuscriptorum-vetustatem
1578 2305 1636 2364 aut
1650 2293 1752 2392 scrip-

170 2429 280 2490 torum
298 2428 425 2490 aetatem
444 2428 476 2488 ct
493 2414 720 2486 sinceritatem.

953 2645 967 2718 l

225 2837 340 2912 Nostra
358 2836 400 2910 de
416 2835 631 2910 Antenicaenis
644 2833 796 2907 Patribus
810 2832 1043 2934 prolegomena
1059 2832 1190 2906 inchoat
1201 2833 1383 2936 apocrypha
1395 2835 1538 2935 Dionysii
1552 2837 1752 2938 Areopagites

175 2959 218 3033 ad
233 2959 440 3032 Timotheum
458 2957 593 3060 epistola
608 2957 653 3029 De
666 2973 758 3028 morte
774 2955 979 3056 Apostolorum
997 2955 1080 3027 Petri
1095 2973 1121 3027 ot
1137 2954 1227 3027 Pauli
1242 2954 1334 3057 (pag.
1358 2956 1402 3027 alt
1412 2955 1553 3060 r-spii).

228 3080 343 3154 Dehas
357 3079 492 3184 epistola
502 3081 571 3180 jarn
585 3077 643 3152 diu
654 3076 856 3178 disputatum
868 3089 915 3150 est
925 3075 1010 3150 inter
1019 3076 1103 3148 viros
1117 3076 1271 3149 cruditos.
1283 3077 1373 3150 lllius
1386 3079 1585 3152 existentiam
1601 3081 1751 3154 nonnulli

174 3214 523 3286 commemoraverunt,
542 3199 692 3273 nonnulli
703 3227 774 3273 eam
787 3197 903 3296 legisse
915 3198 973 3270 visi
986 3209 1078 3282 sunt,
1089 3197 1239 3269 nonnulli
1245 3200 1315 3298 jam
1329 3227 1397 3272 esse
1406 3199 1526 3273 editam
1537 3201 1750 3276 affirmarunt.

174 3323 264 3398 luter
278 3351 332 3398 eos
345 3323 530 3396 celebritate
545 3320 744 3422 scientiaque
758 3319 903 3392 eminent
919 3319 1078 3420 Iosephus
1094 3317 1208 3391 Simon
1223 3321 1431 3405 Assemanus,
1447 3321 1590 3396 loannes
1601 3323 1752 3398 Alhertus

175 3443 360 3527 Fabricius,
380 3441 495 3517 Petrus
513 3441 718 3526 Lamhecius‚
740 3455 800 3515 etc.
816 3442 844 3515 J.
869 3441 902 3513 S.
922 3439 1117 3513 Assemaaus
1141 3437 1408 3543 (itm-1768),
1428 3444 1593 3516 recensitis
1620 3444 1752 3519 diversis

176 3567 276 3665 hujus
294 3563 434 3665 epistolae
457 3565 622 3639 codicibus
645 3562 733 3665 apud
753 3563 850 3664 Syros
868 3561 1053 3664 Arabesque
1073 3559 1287 3646 exstantibus,
1308 3562 1477 3636 affirmavit
1495 3591 1569 3637 eum
1590 3566 1646 3667 qui
1668 3568 1752 3641 inter

175 3685 352 3760 Nitrienses
363 3686 424 3760 sub
436 3713 571 3760 numero
583 3714 633 3759 xrr
644 3685 768 3788 positus
784 3698 847 3770 est,
867 3683 960 3757 facile
979 3683 1021 3756 ad
1040 3683 1194 3757 saeculum
1212 3697 1359 3757 octavum
1375 3710 1479 3785 usque
1493 3685 1606 3759 referri
1621 3716 1715 3790 posse
1726 3693 1749 3764 ¹.
1790 3691 1794 3698 ’

175 3807 205 3881 l.
215 3811 251 3880 A.
261 3807 427 3880 Fabricius
437 3805 469 3911 (ι
479 3808 581 3881 (568-ι
594 3806 697 3908 736),
706 3835 780 3880 cum
791 3808 978 3907 frequenter
986 3805 1130 3904 Dionysii
1137 3805 1338 3906 Areopagitas
1347 3831 1445 3906 opera
1454 3826 1751 3897 commemorasset,

176 3929 403 4002 animaduertit
415 3957 433 4002 a
446 3928 617 4003 Lamhecio
630 3930 883 4030 manuscriptam
897 3927 1057 4003 recenseri
1069 3928 1103 4000 in
1115 3925 1315 4000 Bibliotheca
1326 3925 1571 4004 Vindobonensi
1584 3932 1752 4034 epistolam

176 4050 225 4124 Ad
248 4051 426 4124 Timotheum
449 4050 483 4122 dc
503 4068 595 4123 morte
616 4049 673 4124 SS.
695 4049 900 4152 Apostolorum
924 4049 1007 4121 Petri
1026 4065 1054 4121 ct
1074 4048 1179 4134 Pauli,
1198 4048 1413 4150 eamdemque
1435 4064 1557 4125 exstare
1582 4041 1615 4124 in
1643 4055 1752 4128 codice

175 4171 321 4274 quodam
343 4173 516 4247 llorentino
542 4171 712 4246 asseruit2.
735 4172 806 4271 lpse
829 4172 961 4244 demum
984 4169 1100 4243 Petrus
1125 4169 1315 4244 lambecius
1342 4167 1604 4276 (1628-1680)
1630 4174 1664 4248 in
1691 4201 1751 4247 suo

177 4293 391 4366 Commentario
408 4293 443 4366 de
457 4293 634 4366 Bibliotheca
654 4291 790 4366 Cesarea
811 4289 1033 4377 Vindobommi,
1049 4291 1117 4364 haec
1134 4291 1258 4364 hahet:
1278 4289 1411 4365 «Exstat
1428 4295 1525 4366 etiam
1540 4295 1601 4366 suh
1619 4293 1752 4368 nomino

177 4414 349 4512 «ejusdem
374 4415 409 4490 S.
429 4415 590 4516 Dionysii,
609 4414 644 4488 in
670 4415 896 4514 augustissima
923 4413 1123 4486 Bibliotheca
1146 4413 1290 4486 Caesarea
1311 4413 1555 4488 vindobonensi
1579 4415 1751 4490 undecima

177 4535 354 4633 squaedam
370 4535 506 4638 epistola
528 4537 570 4610 ad
587 4537 622 4610 S.
639 4535 863 4619 Timotheum,
882 4535 1071 4637 episcopum
1089 4534 1298 4637 ephesinum,
1320 4533 1361 4607 de
1377 4548 1481 4609 morte
1499 4537 1559 4609 SS.
1582 4537 1751 4639 Apostolo-

176 4689 193 4723 s
204 4684 276 4729 rum
290 4655 378 4729 Petri
391 4671 422 4730 et
435 4656 529 4730 Pauli
538 4661 588 4729 ³.n
607 4656 727 4731 subdit
740 4657 788 4731 vir
799 4655 968 4730 eruditus:
989 4654 1103 4741 «Quid
1118 4669 1228 4728 autem
1244 4653 1284 4728 dc
1303 4683 1340 4728 ea
1358 4656 1604 4741 contentatis
1619 4659 1753 4760 posthac

178 4778 417 4851 «commodiori
436 4791 581 4881 tempore
606 4793 639 4853 et
661 4779 732 4852 loco
757 4777 965 4852 indicabitur.
982 4777 1116 4851 Interim
1130 4775 1247 4850 videsis
1265 4776 1405 4849 Diorium
1428 4805 1525 4850 mcum
1541 4781 1622 4851 sacri
1640 4781 1756 4851 itineris

178 4931 195 4966 a
207 4897 357 4984 Cellemis,
376 4927 451 5002 pag.
465 4927 549 5000 apo.
560 4933 576 4971 n
589 4901 638 4974 An
651 4900 767 4974 Petrus
780 4899 971 4973 lambecius
990 4898 1068 4971 alibi
1082 4898 1276 4971 sententiam
1293 4925 1384 4971 suam
1400 4899 1605 5000 proposuerit
1622 4899 1663 4974 de
1681 4901 1754 5006 epi-

217 5078 225 5109 ¹
243 5076 267 5130 J.
284 5076 312 5132 S.
327 5076 456 5132 memori
475 5075 587 5132 Bttttut.
603 5076 738 5144 orientalis,
755 5085 774 5132 t.
793 5077 817 5142 l,
834 5093 859 5152 p.
874 5077 928 5133 568
1042 5079 1052 5112 ⁸
1071 5075 1093 5129 J.
1107 5077 1134 5130 A.
1151 5074 1292 5140 Fabricius,
1306 5073 1417 5130 Bibliotb.
1427 5093 1524 5148 muco,
1536 5083 1554 5129 t.
1569 5077 1625 5144 Vll,
1642 5097 1666 5153 p.
1684 5081 1725 5134 13.

178 5179 278 5243 etruria
288 5176 306 5226 t.
315 5171 365 5237 111,
376 5169 465 5245 paral,
476 5189 501 5246 p.
511 5171 543 5226 13
554 5179 581 5226 et
589 5173 695 5228 esu-
705 5171 748 5226 Cir
757 5171 844 5244 steph.
853 5169 929 5227 Eiod.
1043 5171 1053 5201 ¹
1073 5169 1140 5224 l‘etr.
1151 5169 1308 5232 lambecius,
1324 5167 1523 5226 Corumntun'um
1534 5171 1565 5226 de
1576 5170 1686 5227 Bibliotl.
1704 5171 1757 5228 Cu-

177 5264 309 5318 manas
331 5261 441 5337 osup.
461 5264 570 5320 aarum
583 5265 667 5320 atat.
690 5265 773 5329 tur,
789 5281 815 5338 p.
837 5266 885 5320 rr.
905 5245 930 5318 ei
1005 5283 1090 5327 aru,
1104 5261 1207 5328 nam,
1220 5281 1246 5336 p.
1260 5262 1415 5328 suanum
1428 5265 1568 5340 marginal.

179 5357 249 5422 l33,
264 5355 308 5412 uhi
325 5357 356 5412 de
373 5357 457 5415 codice
473 5359 588 5416 nitriensi
606 5358 784 5415 decimonono
800 5357 891 5432 agitur.
1043 5357 1053 5389 ⁴
1073 5355 1145 5412 Edita
1160 5355 1253 5414 bahent
1264 5357 1417 5424 terrentium,
1433 5359 1487 5416 loco
1498 5359 1605 5414 sentium.
