3990 6092
770 557 969 624 SANCTUS
999 557 1218 626 IGNdTlUS.

976 940 1085 1060 11,

746 1181 967 1252 SANCTUS
1000 1180 1246 1253 lGNthUS.

980 1588 1020 1669 ¹0

444 1816 807 1883 EPISTOLARUM
845 1815 1024 1884 SdNGTl
1061 1816 1253 1884 lGNthl
1289 1817 1549 1884 MhRTl'RlS

540 2003 612 2061 oon
632 2001 916 2051 cerro-rursum
939 2001 1121 2051 sursnsunr
1139 2001 1326 2051 rotonensi
1341 1970 1448 2082 (255).

992 2215 1006 2286 l
1066 2225 1070 2230 .

595 2437 598 2444 .
722 2387 863 2449 SANGTI
888 2387 1042 2450 IGNh'l'll
1068 2387 1273 2450 MARTYRIS

608 2531 790 2586 urtsrotu
811 2531 858 2586 ΔΙ)
880 2531 1051 2588 HERODEM
1072 2531 1162 2588 rius
1184 2531 1382 2588 posinunt.

263 2699 494 2773 Commendavi
508 2727 562 2772 vos
578 2655 755 2801 Polycarpo
772 2701 806 2772 in
825 2702 965 2774 Domino
979 2702 1055 2774 lesu
1073 2700 1210 2774 Christo.

262 2878 344 2950 Vlll.
373 2877 524 2950 Salutant
540 2893 571 2950 te
587 2877 729 2977 episcopi
743 2874 932 2962 Onesimus,
944 2878 1051 2962 Vitus,
1067 2879 1201 2963 Damas,
1218 2878 1371 2978 Polybius
1389 2891 1421 2950 et
1436 2905 1595 2962 omnes,a
1611 2877 1785 2980 Philippis,

209 3000 243 3071 in
259 2999 417 3072 Christo¹.
437 2997 549 3071 Saluta
563 2997 596 3068 in
614 2998 680 3069 Deo
695 2996 904 3069 honorabiles
918 2998 1152 3097 presbyteros¹.
1168 2999 1281 3071 Saluta
1299 2999 1514 3071 condiaconos
1529 3005 1646 3071 tuos³z
1666 3000 1786 3100 quibus

210 3147 269 3217 ego
282 3121 411 3221 prolui¹
428 3121 464 3191 in
478 3119 622 3198 Christo,
639 3130 671 3189 et
682 3118 717 3189 in
728 3145 824 3190 carne
837 3132 869 3190 et
884 3119 916 3189 in
934 3119 1060 3218 spiritu.
1077 3118 1191 3191 Saluta
1205 3119 1364 3218 populum
1380 3121 1527 3202 Domini,
1543 3147 1669 3220 sparvo
1681 3149 1785 3221 usque

210 3241 252 3313 ad
265 3267 437 3338 magnum,
451 3239 631 3311 secundum
644 3239 937 3310 oorum⁵nominaz
953 3266 1034 3340 quos
1047 3238 1239 3310 commendo
1250 3238 1311 3310 tibi
1323 3240 1406 3310 sicut
1416 3239 1540 3338 Moyses
1548 3240 1623 3312 Jesu
1634 3241 1723 3313 Νειιι6
1736 3241 1785 3312 vel

212 3361 293 3435 Duci
310 3375 382 3462 post
399 3361 516 3461 ipsum.
535 3359 575 3432 Et
592 3385 658 3431 non
678 3359 735 3430 tibi
750 3358 895 3432 videatur
912 3387 1086 3433 onerosum
1105 3360 1193 3461 quod
1213 3359 1310 3444 dixi',
1329 3360 1355 3431 si
1371 3387 1437 3433 non
1455 3388 1567 3433 sumus
1590 3361 1670 3434 tales
1687 3359 1787 3462 (sicut

212 3479 291 3582 illi),
315 3482 371 3553 sed
392 3509 522 3554 oramus
544 3480 665 3553 similes
686 3479 750 3552 ittis
771 3481 880 3554 fieri⁸z
900 3482 977 3582 quia
998 3494 1030 3553 et
1046 3481 1182 3554 Abrahae
1206 3481 1263 3552 [ilii
1283 3509 1405 3554 sumus.
1429 3482 1613 3554 Fertilicare
1633 3483 1743 3580 igitur,
1767 3510 1785 3554 o

213 3603 339 3686 Heron,
358 3601 474 3686 robore
497 3615 530 3674 et
546 3603 697 3674 firmitate
707 3605 731 3673 ⁹.
751 3602 800 3674 'lu
816 3603 903 3676 enim
921 3630 957 3675 ex
970 3602 1034 3675 hoc
1048 3629 1136 3675 nunc
1153 3603 1339 3676 introduces
1356 3615 1388 3675 et
1405 3602 1522 3676 educes
1545 3603 1703 3704 populum
1723 3604 1787 3677 Do-

212 3724 310 3808 mini,
327 3724 384 3823 qui
400 3723 498 3796 estin
514 3721 704 3796 Antiochia:
723 3737 756 3796 et
770 3751 837 3799 non
855 3725 917 3798 erit
933 3751 1097 3824 synagoga
1116 3724 1246 3800 Domini
1263 3724 1346 3796 sicut
1365 3751 1438 3796 oves
1455 3750 1521 3796 non
1538 3722 1696 3798 habentes
1713 3730 1788 3826 p'as-

214 3859 327 3918 torem.

265 4013 317 4085 lX.
345 4013 459 4086 Saluta
477 4013 667 4086 Cassianum
683 4013 844 4116 hospitem
859 4043 986 4101 meum,
1003 4029 1034 4088 et
1051 4016 1222 4114 conjugem
1236 4017 1338 4116 ipsius
1353 4016 1585 4101 venerabilem,
1602 4043 1638 4088 ao
1656 4015 1788 4089 dilectos

214 4135 297 4206 filios
315 4137 429 4235 ejus¹⁰,
451 4135 570 4234 quibus
594 4136 647 4209 det
670 4137 863 4209 Dominus¹¹
883 4138 1026 4210 iuvenire
1051 4137 1305 4210 misericordiam
1327 4139 1362 4210 in
1385 4138 1440 4210 illa
1460 4138 1512 4210 die
1538 4166 1603 4238 qua
1622 4138 1788 4210 ministra-

213 4256 301 4328 bitur
321 4256 438 4328 nohis:
462 4284 544 4356 quos
569 4259 760 4330 commendo
784 4258 842 4330 tibi
865 4259 898 4330 in
922 4258 1061 4332 Christo.
1081 4258 1194 4332 Saluta
1215 4259 1326 4332 fideles
1348 4261 1537 4360 omnesqui
1559 4261 1687 4332 suntin
1709 4260 1788 4332 Lao-

214 4377 321 4462 dicea,
340 4378 519 4450 secundum
541 4405 676 4463 nomen,
701 4380 734 4450 in
753 4379 891 4451 Christo.
913 4379 992 4464 Non
1003 4379 1147 4477 negligas
1174 4381 1308 4480 eosqui
1330 4394 1406 4453 sunt
1430 4381 1465 4452 in
1483 4380 1599 4468 Tars03
1616 4379 1673 4452 sed
1694 4380 1789 4453 inde-

214 4498 358 4570 sinenter
382 4498 426 4568 eis
449 4498 597 4584 intende,
617 4526 737 4599 eosque
762 4500 916 4572 confirma
945 4501 979 4573 iu
1004 4500 1188 4600 Evangelio.
1213 4501 1327 4575 Saluta
1351 4502 1385 4572 in
1413 4501 1553 4574 Domino
1576 4501 1787 4582 Marinum¹¹,

215 4618 401 4719 episcopum
419 4619 586 4721 Neapolis,
607 4649 679 4723 quae
699 4645 801 4722 prope
817 4621 932 4694 Zarho.
951 4622 1066 4696 Saluta
1086 4621 1182 4695 ctiam
1202 4622 1509 4696 venerabilissimam
1532 4623 1667 4695 Mariam
1688 4622 1788 4694 filiam

215 4876 318 4924 eertum.
341 4871 384 4926 etr
403 4879 514 4926 auctores
535 4871 566 4927 de
588 4872 694 4928 Historia
714 4873 873 4929 ecelesiastica
896 4881 962 4929 truc·
1038 4874 1141 4930 deretur
1154 4887 1256 4931 cunctos.
1272 4875 1334 4916 -⁴
1353 4876 1396 4932 Gr.
1410 4877 1523 4945 ὀναίμην.
1535 4877 1598 4917 -¹
1618 4873 1694 4948 lngr.
1710 4874 1788 4928 stlat.
1891 4931 1894 4938 ,

217 4971 308 5026 tontes,
321 4963 438 5020 advitam
452 4967 519 5022 Petri
532 4967 657 5030 Fullonia,
672 4967 739 5022 Petri
752 4967 851 5041 Mongi,
863 4967 964 5022 llenaiae
1039 4967 1108 5024 deest
1119 4988 1208 5024 sorum.
1223 4973 1278 5012 —‘
1297 4969 1326 5022 ln
1337 4988 1375 5044 gr.
1386 4975 1413 5023 et
1424 4969 1465 5022 lat
1479 4987 1528 5021 uon
1547 4968 1664 5042 leguntur
1676 4966 1733 5021 Nau
1744 4967 1788 5021 vel.

217 5057 407 5132 llieropolitani,
421 5061 578 5136 aliorumque
594 5067 665 5116 sectas
677 5060 880 5135 Monophysitios
894 5069 966 5116 ante-
1039 5064 1098 5101 -¹
1119 5062 1162 5116 Gr.
1173 5069 1198 5115 et
1212 5061 1253 5116 lat
1269 5061 1333 5134 quod
1345 5061 1435 5115 dutum
1448 5071 1489 5114 est.
1502 5061 1557 5101 —¹
1577 5059 1620 5114 Gr.
1632 5067 1728 5114 tantum
1741 5081 1788 5130 yc-

216 5151 386 5223 signanorurn.
405 5187 443 5194 —
458 5158 464 5188 ¹
480 5155 576 5209 Desunt
590 5155 616 5209 iu
631 5153 826 5228 coptothobaico
844 5154 904 5208 ὅθεν
925 5157 966 5208 καὶ
1041 5154 1133 5208 νέσθαι.
1145 5157 1202 5195 —¹
1222 5155 1266 5210 Gr.
1281 5159 1306 5208 et
1321 5153 1363 5208 lat.
1374 5163 1481 5227 potenter
1495 5164 1518 5207 et
1532 5153 1640 5208 viriliter.
1655 5185 1693 5195 -
1708 5156 1726 5188 ¹⁰
1744 5153 1787 5208 Gr.

217 5245 351 5298 excursus
372 5267 412 5299 σοι
428 5247 484 5317 (Cir
499 5248 620 5314 Cureton,
634 5249 728 5320 Corpus
748 5245 827 5322 ignat.
851 5266 876 5321 p.
891 5247 965 5320 1116).
1041 5255 1066 5302 et
1080 5247 1122 5301 lat.
1141 5267 1230 5302 eorum.
1243 5279 1278 5288 -
1291 5251 1307 5280 ¹¹
1329 5249 1371 5302 Gr.
1386 5254 1409 5302 et
1419 5247 1461 5302 lat.
1475 5245 1622 5302 Deus—¹²
1641 5249 1684 5303 Gr.
1699 5247 1789 5322 Melpo,

217 5341 275 5380 η’
296 5339 338 5394 Gr.
353 5345 378 5393 ct
396 5340 438 5394 lat.
457 5339 505 5394 Deo
525 5341 606 5396 decens
621 5343 803 5415 presbyterium.
818 5344 875 5385 —'¹
895 5341 967 5396 Desi-
1043 5341 1084 5394 lat.
1100 5339 1194 5395 Morim.
1284 5343 1286 5346 ’
