4006 6098
264 549 330 614 [1⁸22
615 545 787 611 PATRUM
818 541 1215 610 ANTENICAENORUM
1247 539 1482 606 deLECTd.

262 698 380 769 minim
398 695 591 780 dies,'nobis
609 693 817 766 manifestans
832 693 934 772 solem
949 692 1124 764 Christum.
1142 691 1347 790 Quapropter
1363 689 1408 760 eit
1426 688 1585 788 Propheta
1605 718 1613 758 :
1631 688 1695 760 «Et
1712 689 1840 760 orietur

264 818 377 890 «vobis
400 816 587 889 timentibus
613 840 731 887 nornen
751 841 861 885 meum
881 813 938 885 sot
956 813 1145 912 justitiet»
1168 813 1216 898 En
1234 811 1290 884 Sol
1302 810 1435 908 justitie
1458 810 1620 882 illuminat
1637 810 1780 882 celestes
1804 825 1839 882 et

264 955 407 1013 terrenos
429 937 586 1019 similiter,
606 949 654 1020 et,
675 936 752 1035 quin
771 935 867 1007 bodie
889 933 1245 1040 Salvatorilluminevit
1263 945 1422 1014 mortuos,
1438 931 1523 1003 hene
1541 930 1627 1003 diem
1641 945 1782 1002 sanctam
1803 945 1838 1002 et

262 1059 403 1158 regalem
429 1058 548 1141 effecit,
573 1055 731 1156 incipiens
756 1056 797 1127 eb
821 1054 934 1127 ordine
959 1055 1124 1154 religionis
1147 1067 1180 1127 et
1201 1053 1387 1136 creationis,
1411 1052 1566 1152 quoniam
1591 1052 1661 1151 ipsa
1685 1051 1835 1150 undique

262 1179 369 1252 radios
387 1179 570 1251 divinorum
588 1177 760 1250 verborum
777 1205 849 1276 quae
867 1178 952 1249 dicta
969 1192 1044 1249 sunt
1058 1202 1118 1276 per
1132 1175 1325 1276 Prophetas,
1344 1185 1376 1244 et
1396 1199 1455 1272 per
1470 1171 1640 1272 Apostolos
1659 1171 1835 1271 predicata

262 1313 351 1382 sunt,
368 1300 402 1371 in
421 1327 454 1371 se
473 1311 656 1396 congreget.

1026 1547 1070 1619 IV

314 1755 472 1828 «Eduxit2
491 1768 598 1826 autem
622 1752 796 1853 discipulos
819 1775 918 1824 suos„
935 1749 1061 1852 (Iesus)
1080 1751 1138 1822 oin
1154 1749 1361 1832 Bethaniem,
1374 1761 1420 1831 et,
1437 1745 1566 1820 elevetis
1582 1749 1732 1820 monibus
1746 1749 1831 1836 suis,

262 1875 451 1948 «benedixit
472 1875 528 1948 eis.
552 1875 591 1948 Et
609 1875 728 1947 sactum
749 1885 812 1957 est,
834 1873 911 1944 dum
934 1872 1139 1945 benediceret
1155 1871 1236 1953 illis,
1255 1869 1384 1942 recessit
1405 1867 1447 1940 ab
1468 1868 1530 1954 eis,
1551 1882 1582 1941 et
1608 1869 1772 1942 ferebatur
1794 1871 1831 1942 in

261 1997 459 2069 «coelumtn
477 1997 552 2069 Hes
573 2010 668 2068 antea
685 1991 797 2098 (182)
816 1977 1044 2094 praenuniiovit
1062 1992 1176 2064 beatus
1196 1991 1314 2074 David,
1332 1990 1441 2062 dicens
1464 2020 1472 2060 :
1500 1990 1674 2062 «Ascendit
1690 1991 1777 2063 Deus
1794 1991 1830 2062 in

261 2117 387 2217 «jubilo
405 2131 436 2189 ot
452 2117 612 2190 Dominus
632 2117 667 2189 in
682 2144 757 2189 voce
773 2115 919 2204 tubae²3o
936 2141 1069 2214 nempe,
1087 2110 1218 2213 quondo
1237 2113 1391 2184 exereitus
1406 2111 1537 2211 superni
1550 2109 1786 2182 benedicebant
1796 2125 1832 2183 et

260 2237 411 2311 dicebant
429 2239 619 2310 exercitibus
636 2227 752 2310 iisdem
775 2236 911 2308 infernis
931 2265 939 2306 ι
960 2233 1127 2307 sdttollite
1148 2245 1274 2333 portas,
1292 2231 1471 2333 principes,
1489 2246 1605 2303 vestros
1627 2231 1799 2330 desuper⁵;
1811 2263 1829 2299 ιι

259 2386 326 2430 non
342 2358 420 2431 dixit
437 2359 625 2458 reperite»,
642 2357 798 2457 quoniam
816 2383 871 2429 eos
883 2355 980 2427 fuisse
997 2369 1122 2455 opertos
1137 2354 1213 2426 inde
1228 2352 1366 2454 probare
1381 2351 1506 2451 querit.
1518 2351 1622 2449 igitur
1636 2352 1694 2452 qui
1711 2349 1830 2423 attollit
1927 2351 1930 2358 ⁴

259 2507 324 2552 non
344 2479 459 2580 quaerit
470 2478 612 2578 probare
627 2477 684 2550 sed
697 2477 806 2550 omnia
826 2477 949 2576 recipit.
972 2475 1036 2547 «Et
1052 2474 1216 2560 introibit,
1235 2474 1295 2558 ait,
1317 2473 1381 2545 Rex
1398 2473 1562 2571 gloriae⁶.n
1578 2469 1713 2556 Verum,
1731 2471 1829 2572 equis

259 2613 332 2673 sest
346 2599 401 2671 itte
420 2599 484 2670 Rex
499 2599 673 2698 gloriae'Dn
693 2599 755 2670 nisi
774 2597 828 2669 ille
847 2598 905 2698 qui
926 2610 1020 2669 antea
1041 2609 1110 2668 erat
1128 2623 1201 2667 curn
1218 2595 1313 2667 Patre
1330 2607 1363 2666 et
1380 2593 1437 2694 qui
1454 2619 1541 2666 nuno
1558 2593 1600 2665 nd
1616 2591 1709 2665 illum
1727 2592 1828 2676 redit,

258 2723 396 2822 quinon
418 2720 600 2804 descendit,
626 2747 685 2792 nec
703 2748 721 2791 a
741 2720 865 2792 mundo
883 2731 1049 2819 seperatus
1067 2731 1130 2802 est,
1150 2717 1207 2817 qui
1229 2743 1374 2815 egressus
1398 2716 1441 2789 ed
1460 2715 1621 2789 dexteram
1647 2715 1707 2787 Dei
1724 2714 1829 2786 Patris

257 2842 357 2915 sedet.
374 2840 443 2913 Hoc
457 2854 552 2913 antea
565 2840 712 2941 praedirit
724 2841 840 2913 beatus
856 2837 975 2926 David,
992 2839 1103 2912 dicens
1120 2871 1128 2911 :
1145 2838 1256 2911 «Dixit
1269 2837 1428 2911 Dominus
1439 2836 1578 2909 Domino
1594 2863 1668 2908 meo
1688 2835 1792 2908 :Sede
1807 2863 1828 2906 a

257 2963 401 3036 «dextris
423 2963 519 3046 meis,
539 2962 642 3035 donec
665 2989 787 3063 ponam
806 2962 954 3035 inimicos
978 2975 1052 3035 tuos
1073 2959 1252 3034 scabellum
1274 2959 1395 3059 pedum
1421 2963 1608 3030 tuorum⁸.n
1629 2956 1695 3030 Sed
1718 2955 1827 3040 Pater,

256 3083 359 3155 Filius
375 3096 406 3156 et
423 3083 563 3183 Spiritus
579 3084 717 3157 Sanctus
736 3097 812 3156 sunt
832 3111 898 3155 uno
917 3097 1033 3156 notura
1053 3109 1185 3183 unaque
1206 3094 1253 3154 est
1269 3081 1367 3153 trium
1385 3106 1598 3181 personarum
1619 3078 1783 3162 voluntas,
1799 3078 1829 3149 si

256 3203 389 3304 quidem
406 3230 471 3277 uno
489 3203 677 3277 adoratione
695 3205 889 3277 confitemur
905 3204 1065 3278 Deitotem
1088 3231 1205 3288 unum,
1224 3201 1396 3301 sequetem,
1416 3227 1639 3284 communem,
1657 3197 1828 3272 indivisam

254 3325 288 3396 in
305 3325 445 3410 unitate,
462 3325 514 3396 cui
530 3324 630 3423 glorie
649 3325 683 3396 in
700 3325 826 3397 secula.
844 3324 956 3398 Amen.

1024 3593 1051 3664 V

306 3797 401 3868 «Non
427 3797 524 3869 bomo
546 3809 672 3868 tentum
694 3795 861 3868 crucifixus
886 3809 948 3880 est,
970 3795 1029 3868 sed
1049 3808 1196 3867 sanctum
1215 3793 1420 3892 unigenitum
1434 3791 1529 3896 (Dei)
1547 3793 1704 3876 Verbum,
1722 3793 1823 3865 Filius

254 3916 421 3990 epatris.»
442 3915 538 3990 Vides
555 3917 719 4017 quomodo
735 3915 876 3990 Verbum
895 3917 981 3988 cruci
997 3915 1127 3989 affixum
1145 3915 1274 4000 dixerit,
1291 3929 1321 3988 et
1344 3942 1411 3987 non
1428 3928 1555 3988 tentum
1574 3941 1694 4015 purum
1714 3913 1824 3988 homi-

255 4063 340 4108 nem.
360 4034 472 4138 (183)

292 4251 298 4281 ¹
318 4247 424 4303 Moloeis.
440 4267 473 4312 rr,
488 4269 513 4304 o.
530 4281 569 4289 —
587 4253 597 4283 ²
613 4249 661 4304 Hie
673 4249 762 4303 iterum
775 4249 802 4303 in
817 4249 889 4303 titulo
901 4270 907 4301 ι
920 4247 1004 4302 Soneti
1019 4247 1130 4322 Dionysii
1145 4247 1304 4304 Alexandrini
1311 4249 1469 4322 patrios-cbo.
1485 4253 1545 4292 ·-³
1562 4247 1619 4303 boc.
1634 4267 1696 4312 ιιιι,
1714 4247 1762 4310 50,
1778 4247 1824 4302 51.

252 4371 291 4382 -
302 4341 312 4374 ⁸
324 4338 413 4396 Psaim.
425 4359 490 4401 ιιιι,
509 4343 533 4397 6.
546 4373 584 4383 -
596 4346 605 4376 ⁵
619 4339 680 4396 {tit
693 4360 765 4406 nnn,
777 4344 802 4396 8.
814 4344 870 4383 -⁸
882 4338 941 4396 ibid.
954 4373 992 4382 -—
1006 4344 1016 4374 ⁷
1028 4340 1118 4396 Proin.
1130 4359 1202 4408 mn,
1215 4361 1241 4416 9.
1253 4344 1312 4384 -⁸
1327 4341 1387 4398 Did.
1400 4361 1450 4408 err,
1467 4361 1490 4406 1,
1505 4361 1530 4397 n.
