3990 6092
266 552 333 620 332
619 550 793 617 PATRUM
819 549 1220 620 ANTENICAENORUM
1247 553 1486 620 instaura

267 697 409 801 (merus)
427 701 524 771 homo
544 698 691 770 veniebat
710 698 917 784 bethaniam,
938 701 1104 774 castellum
1122 703 1242 774 Lazari.
1261 703 1344 774 Loco
1360 728 1559 802 corporeque
1577 703 1709 786 absens,
1725 702 1844 776 virtute

267 835 375 894 tamen
393 819 583 904 divinitatis,
595 820 765 920 praenoscit
777 822 901 907 omnia,
916 835 1013 921 atque
1031 824 1063 893 in
1078 821 1199 894 Galilca
1214 837 1323 896 narrat
1337 822 1426 923 quod
1444 824 1550 896 evenit
1560 824 1594 894 in
1609 823 1625 894 J
1630 824 1740 896 udaea:
1756 826 1843 896 «La-

269 971 399 1024 szarus,
419 943 541 1015 amicus
568 936 688 1026 noster,
709 942 866 1014 dormit.»
884 943 1015 1015 Vicinus
1040 971 1106 1015 non
1129 957 1197 1016 erat
1219 957 1250 1016 et
1268 957 1377 1016 tamon
1396 943 1525 1018 videbat
1540 944 1702 1046 quidquid
1719 946 1752 1016 in
1769 945 1842 1017 loco

268 1063 472 1165 operabatur.
490 1063 570 1136 Nam
586 1064 853 1164 appropinquans
864 1063 906 1137 ad
919 1064 1023 1136 vicum
1039 1063 1184 1136 dicebat:
1200 1065 1288 1137 «Ubi
1303 1066 1455 1166 posuistis
1466 1066 1604 1138 illumla
1616 1065 1697 1149 Quis
1710 1066 1843 1139 audebit

267 1186 456 1283 ignorantia
475 1211 624 1258 accusare
641 1184 806 1256 Christum
829 1185 974 1285 eoquod
994 1186 1194 1283 interroget:
1215 1186 1303 1259 sUbi
1320 1187 1474 1285 posuistis
1492 1186 1634 1258 illumin
1653 1185 1739 1288 (65)

320 1400 360 1470 ΙΙ.
389 1399 486 1484 Quod
506 1400 533 1470 si
550 1411 580 1472 te
600 1399 838 1498 aliquantulum
860 1399 1079 1472 scandalizent
1096 1399 1197 1500 (haec)
1218 1399 1330 1484 verba,
1348 1401 1488 1498 recogita
1503 1400 1580 1472 talia
1598 1400 1692 1473 rerba
1712 1430 1731 1472 a
1748 1403 1843 1474 Patre

269 1521 386 1593 Christi
403 1520 487 1592 dicta
503 1520 601 1593 luisse
616 1553 623 1592 :
641 1520 783 1606 abdam,
799 1520 856 1592 ubi
872 1523 970 1594 es¹ln
984 1520 1080 1605 Quod
1092 1521 1120 1592 si
1131 1521 1321 1618 ignorantia
1334 1522 1463 1620 signum
1477 1522 1518 1594 sit
1532 1521 1640 1594 dicere
1655 1553 1663 1595 ι
1679 1521 1767 1595 ani
1783 1550 1845 1621 po-

270 1641 403 1714 ssuistis
425 1641 589 1714 iltumtt»
613 1643 802 1740 ignorantia
830 1641 951 1742 pariter
971 1642 1100 1740 signum
1126 1669 1231 1714 sermo
1255 1642 1359 1714 Patris
1384 1655 1448 1726 ost,
1475 1669 1576 1740 quum
1600 1642 1701 1714 dicit:
1722 1643 1843 1726 «Sara,

271 1790 375 1858 cqxor
393 1776 465 1847 tua,
482 1763 538 1836 ubi
556 1764 671 1834 ost³tn
688 1789 763 1835 nam
778 1763 833 1835 ifle
852 1791 957 1836 sermo
975 1764 1051 1836 huic
1068 1764 1209 1836 sermoni
1227 1764 1341 1836 similis
1358 1778 1414 1836 est.
1435 1763 1661 1862 Interrogabat
1678 1763 1843 1836 Christus:

271 1883 359 1956 «Ubi
374 1885 525 1983 posuistis
538 1883 675 1956 illum‘tn
695 1884 904 1983 Interrogavit
924 1897 956 1957 et
971 1885 1006 1956 in
1021 1885 1128 1957 Veteri
1145 1884 1349 1968 Testamento
1367 1884 1455 1958 Deus
1474 1881 1645 1985 (dicendo)
1663 1915 1671 1956 ι
1694 1885 1782 1957 cUbi
1799 1899 1848 1956 est

272 2004 392 2090 «Abel,
403 2005 502 2078 frater
517 2007 659 2078 tuustta
673 2005 793 2078 Verum
803 2007 885 2078 forte
901 2007 973 2106 quis
987 2006 1091 2078 dicet:
1106 2006 1175 2078 Hoc
1192 2033 1257 2079 non
1274 2007 1367 2079 solvit
1382 2007 1608 2107 questionem,
1622 2006 1688 2078 imo
1707 2005 1849 2104 adauget

271 2125 508 2212 difficultatem,
519 2128 675 2227 quoniam
688 2127 897 2200 manifestum
905 2127 1011 2200 evadit
1019 2127 1108 2227 quod
1116 2155 1182 2199 non
1193 2128 1299 2199 solum
1310 2127 1456 2200 Christus
1467 2127 1726 2226 interrogaverit,
1735 2155 1849 2200 verum

271 2262 302 2320 et
319 2249 414 2320 Pater
431 2249 544 2348 ipsius.
562 2249 701 2333 Quodsi
719 2249 763 2320 ita
780 2249 836 2332 sit,
857 2248 1046 2350 explanetur
1064 2261 1190 2349 oportet
1205 2274 1318 2321 sensus
1337 2249 1629 2347 interrogationum
1646 2263 1679 2321 et
1696 2249 1799 2320 Patris
1817 2263 1851 2321 ct

270 2370 355 2442 tilii.
377 2370 522 2442 Primum
541 2370 627 2441 disce
645 2397 775 2441 sensum
795 2397 908 2442 eorum
926 2397 999 2470 quas
1015 2369 1068 2443 hic
1085 2371 1153 2469 ipse
1173 2369 1250 2442 dixit
1268 2371 1428 2454 Christus3
1446 2397 1537 2452 nam,
1557 2399 1659 2470 quum
1679 2370 1767 2442 hune
1786 2398 1851 2442 au-

271 2492 378 2562 dimus
391 2491 459 2574 hic,
479 2503 512 2562 et
532 2490 625 2562 illum
644 2491 741 2562 etiam
761 2491 826 2564 illic
845 2491 1006 2564 audimus.
1026 2492 1097 2565 Non
1116 2491 1217 2563 alium
1234 2493 1322 2564 enim
1346 2493 1443 2564 istum
1470 2492 1557 2574 dico,
1579 2493 1639 2577 ita,
1659 2518 1725 2564 non
1748 2491 1850 2563 alium

273 2613 379 2684 illum.
397 2611 489 2684 Unde
506 2613 595 2711 quod
610 2612 747 2684 dicimus
765 2614 799 2686 in
817 2613 989 2711 Evangelio
1011 2614 1053 2685 ad
1071 2613 1200 2686 Patrem
1216 2613 1388 2695 trahimus,
1409 2626 1440 2685 et
1456 2614 1545 2712 quod
1561 2614 1596 2684 in
1614 2613 1721 2686 Veteri
1737 2613 1852 2685 Testa-

275 2745 384 2805 mento
404 2731 521 2804 dicitur
544 2733 583 2805 ad
603 2733 722 2806 Filium
744 2734 961 2807 admovemus.
986 2734 1073 2806 Nihil
1096 2735 1200 2818 enim,
1230 2761 1336 2835 neque
1362 2760 1534 2816 novorum,
1559 2761 1665 2834 neque
1688 2748 1850 2814 veterum,

276 2855 346 2926 sine
362 2854 480 2926 Christi
500 2855 613 2927 virtute
633 2855 753 2927 lactum
772 2869 834 2940 est,
854 2855 1131 2956 quemadmodum
1146 2856 1287 2954 loannes
1307 2868 1441 2927 testatur
1456 2856 1496 2926 de
1518 2856 1695 2940 creatione,
1714 2856 1849 2928 dicens:

278 2971 422 3046 «Omnia
438 3002 497 3075 per
515 2976 621 3075 ipsum
640 2976 828 3060 factasunt,
849 2989 880 3048 et
895 2977 964 3048 sine
981 2977 1050 3076 ipso
1068 2977 1251 3048 factumest
1269 2976 1350 3048 nihil
1361 2981 1411 3046 ⁵.s

329 3189 385 3262 lll.
414 3190 494 3274 Quis
521 3191 620 3289 igitur
644 3204 692 3264 est
713 3220 825 3264 sensus
857 3191 1145 3290 interrogationis:
1167 3191 1254 3264 sUbi
1278 3203 1325 3263 ost
1347 3189 1442 3274 Abel,
1471 3191 1568 3261 irater
1593 3190 1739 3261 tuusfiln
1759 3189 1853 3261 Disce

278 3311 367 3411 quod
382 3311 631 3410 interrogatione
643 3310 764 3415 (Deus)
775 3314 858 3386 viam
878 3327 1038 3414 praeparet
1053 3313 1145 3386 Caini
1167 3311 1380 3414 responsioni.
1396 3310 1501 3412 (Deus
1516 3307 1621 3411 enim)
1632 3311 1761 3408 judicat
1778 3325 1854 3382 tan-

279 3460 377 3532 quam
390 3434 498 3531 justus
512 3433 622 3532 judex.
637 3433 685 3505 'lu
701 3462 774 3506 vero
793 3435 896 3528 credis
913 3435 954 3506 ab
973 3435 1157 3532 ignorantia
1167 3434 1335 3534 provenire
1350 3432 1652 3530 interrogationem,
1669 3433 1746 3531 quia
1763 3429 1854 3533 (Cai-

280 3551 358 3656 nus)
377 3555 503 3626 volebat
512 3583 580 3626 rem
589 3554 692 3627 celare
705 3555 901 3627 benefactori
909 3583 979 3628 suo.
993 3555 1146 3638 «Nescio,
1158 3556 1218 3640 ait,
1231 3555 1392 3654 numquid
1402 3567 1508 3625 custos
1518 3553 1625 3625 fratris
1634 3555 1696 3625 mei
1710 3581 1780 3624 sum
1791 3552 1853 3621 ⁷?s

279 3676 346 3748 Sed
361 3676 457 3748 talem
475 3705 539 3748 non
566 3705 633 3749 csse
650 3704 780 3749 sensum
799 3676 932 3776 explicat
951 3677 1006 3748 illo
1029 3676 1086 3775 qui
1110 3674 1217 3747 omnia
1236 3675 1337 3746 noscit
1352 3674 1406 3778 (ac
1427 3676 1454 3746 si
1472 3675 1591 3746 diceret
1603 3670 1629 3774 ι)
1648 3675 1715 3772 Ego
1734 3673 1854 3746 volun·
1977 3695 1978 3714 ³

281 3798 360 3869 tarie
376 3799 594 3895 ignorantiam
611 3797 774 3880 simulavi,
791 3796 847 3870 sed
866 3811 898 3869 tu
914 3797 1078 3869 credidisti
1097 3794 1186 3896 quod
1201 3795 1241 3868 ob
1258 3796 1474 3894 ignorantiam
1494 3797 1699 3896 interrogem.
1717 3793 1854 3877 Quodsi

280 3919 325 3990 ita
342 3920 397 4002 sit,
411 3919 496 3990 disce
513 3918 680 3991 scientiam
695 3918 782 3991 illius
800 3919 858 4018 qui
877 3920 986 3990 omnia
1001 3918 1108 3990 novit:
1125 3917 1214 3989 «Vox
1234 3917 1401 4014 sanguinis
1418 3917 1524 3989 fratris
1542 3919 1607 4001 tui,
1621 3915 1716 4018 (ait),
1735 3915 1855 3987 clamat

281 4039 346 4110 aad
365 4068 417 4112 mo
436 4040 476 4111 de
493 4052 577 4111 terra
586 4043 637 4111 ὅ.»
656 4041 747 4112 Disce
770 4039 846 4112 inde
872 4041 1039 4112 scientiam
1057 4039 1266 4111 Vivificatoris
1282 4052 1313 4111 et
1330 4039 1475 4136 intellige
1496 4065 1554 4110 eur
1577 4038 1688 4110 dixerit
1706 4035 1824 4108 ludaeis
1845 4067 1854 4106 ε

281 4160 368 4233 «Ubi
386 4162 536 4262 posuistis
554 4160 696 4234 illumin
712 4161 820 4234 Coetus
838 4161 1071 4263 spectatoribus
1088 4161 1221 4259 ingratis
1237 4161 1419 4244 constabat,
1434 4159 1489 4259 qui
1509 4158 1664 4231 nolebant
1681 4183 1856 4254 agnoscere

280 4283 441 4355 mirabilia
460 4283 529 4355 Dei.
550 4281 674 4385 (lesus)
687 4283 816 4356 videbat
826 4284 898 4356 illos
917 4285 1156 4356 circumstantes
1171 4295 1268 4382 atque
1279 4281 1451 4353 irridentes
1468 4280 1639 4364 miracula,
1659 4279 1857 4377 illorumque

280 4403 502 4487 miserebatur,
524 4417 558 4475 ut
575 4405 720 4477 viderent
739 4407 887 4478 virtutem
905 4431 1007 4476 suam.
1026 4402 1159 4475 Volebat
1176 4403 1273 4474 etiam
1288 4401 1449 4473 laetificare
1466 4400 1658 4484 lliabolum,
1675 4397 1857 4471 secundum

282 4525 371 4626 quod
389 4538 522 4596 testatur
540 4525 657 4610 David,
674 4524 827 4628 (dicendo
841 4525 868 4629 :)
887 4527 949 4597 aln
968 4524 1176 4596 multitudine
1198 4523 1323 4595 virtutis
1339 4536 1402 4594 tuae
1419 4521 1547 4594 mentiti
1564 4534 1640 4593 sunt
1658 4519 1718 4591 tibi
1732 4518 1859 4590 inimici

282 4651 355 4722 atui
365 4655 415 4722 ⁰.n
432 4651 522 4724 Nunc
540 4665 648 4722 autern
664 4650 744 4751 quid
762 4649 869 4723 lacio‘l
883 4653 1011 4722 Secreto
1024 4648 1170 4722 Christus
1184 4649 1231 4719 ire
1246 4660 1387 4746 poterat,
1408 4644 1584 4746 praesertim
1596 4670 1699 4744 quum
1713 4669 1778 4713 non
1795 4641 1861 4712 iret

282 4799 431 4872 corpore,
450 4773 506 4844 sed
525 4773 666 4844 mitteret
679 4773 839 4844 virtutem.
858 4771 966 4842 Radiis
982 4771 1106 4843 virtutis
1124 4765 1224 4870 (suae)
1241 4780 1368 4869 poterat
1387 4780 1528 4840 evertere
1541 4765 1726 4866 sepulcrum
1742 4775 1774 4834 et
1788 4789 1861 4834 sus-

282 4895 379 4966 citare
392 4907 557 4966 mortuum
576 4906 673 4994 atque
694 4893 734 4965 ad
752 4893 857 4965 lucem
877 4891 1036 4964 adducere
1055 4919 1129 4963 eum
1150 4891 1207 4991 qui
1225 4889 1258 4960 in
1274 4888 1417 4962 tenebris
1429 4887 1568 4987 jacebat.
1590 4887 1707 4958 Verum
1726 4883 1861 4985 (Chris-

284 5013 351 5116 tus)
370 5015 437 5088 vult
454 5016 596 5114 ingratos
612 5014 811 5088 mirabilium
829 5041 962 5085 suorum
980 5041 1048 5085 esse
1064 5027 1169 5086 testes.
1187 5009 1274 5114 (66)
1289 5012 1506 5110 Quapropter,
1525 5034 1753 5109 praeoccupans
1772 5005 1862 5078 mul-

323 5251 328 5280 ¹
352 5249 408 5302 Gen.
427 5267 469 5311 ιιι,
487 5269 511 5320 9.
525 5253 585 5290 -2
604 5248 687 5302 Ionon.
708 5267 743 5308 ιι,
764 5247 808 5300 itt.
825 5249 882 5285 --³
905 5245 960 5300 Gerr.
980 5265 1050 5306 ιιιιι,
1068 5265 1093 5317 9.
1105 5247 1162 5286 —l
1179 5244 1236 5298 ttnt
1256 5265 1287 5306 rr,
1302 5264 1327 5315 9.
1339 5277 1374 5284 *-
1388 5243 1492 5296 5Ιιιιιιιιι.
1510 5261 1531 5302 ι,
1546 5244 1570 5295 3.
1582 5247 1642 5282 -0
1660 5241 1717 5294 Gso.
1734 5258 1767 5298 ιι,
1784 5259 1810 5308 q.
1825 5271 1863 5278 -

284 5343 293 5371 ⁷
313 5337 371 5394 luit.
388 5361 418 5402 ιι,
433 5361 458 5412 p.
472 5345 527 5382 —’
548 5341 605 5394 tttd.
623 5361 654 5404 ιι,
674 5361 713 5394 ro.
725 5343 780 5381 -·⁰
801 5337 888 5392 Ριιιίιιι.
906 5359 954 5401 ιιι,
972 5341 995 5392 3.
