4006 6098
490 593 691 662 SANCTUS
722 593 984 662 subauratus
1014 593 1399 663 vulunlvuuuus
1658 597 1725 664 ddi)

208 741 248 814 ll.
277 739 480 842 Stephanus,
494 741 636 843 primurn
652 740 816 842 exemplar
829 757 1008 844 martyrum
1021 743 1248 845 virginumque
1264 744 1425 817 ductoria
1438 742 1561 816 difficili
1576 744 1727 818 adversus

156 864 297 936 hominis
319 864 443 936 bostem
467 864 658 936 certamine!
680 863 905 965 Apostolorum
927 864 1114 964 praeliorum
1137 865 1268 938 initium
1285 863 1488 965 Stephanus,
1505 847 1727 966 vomnibusque

156 984 273 1056 sanctis
291 1000 324 1057 et
336 985 432 1083 justis
454 1011 550 1057 causa
570 985 729 1084 regnandi
748 1013 822 1058 cum
842 985 970 1059 Christo
988 987 1056 1059 Deo
1071 1013 1131 1086 per
1148 985 1279 1059 intinita
1300 985 1432 1058 secula!
1452 986 1653 1087 Stephanus,
1674 985 1727 1060 cui

157 1103 327 1177 viduarum
345 1105 512 1205 quondam
530 1131 607 1178 cura
625 1119 658 1178 et
669 1105 869 1178 famulitium
888 1107 1009 1178 credita
1023 1107 1172 1188 fuerunt,
1192 1119 1347 1206 tanquam
1363 1107 1511 1179 sublimis
1527 1107 1638 1205 gratiae
1656 1107 1725 1179 dia-

102 1257 107 1268 ·
156 1231 269 1308 cono¹,
288 1252 376 1298 nuuc
393 1224 575 1326 Spirituum
591 1226 776 1325 agminibus
793 1239 977 1328 cooptatus,
995 1253 1062 1300 non
1077 1225 1184 1300 solum
1207 1241 1243 1300 ut
1260 1227 1437 1313 ministcrl,
1455 1228 1560 1300 choris
1581 1227 1727 1326 Angelo-

156 1373 228 1417 rum
248 1331 412 1431 inseritur,
429 1345 485 1420 sed
502 1347 648 1447 ejusdem
661 1347 754 1446 regni
768 1347 929 1450 particeps
944 1349 1048 1420 lactus
1065 1374 1139 1420 cum
1157 1347 1302 1432 Christo,
1320 1348 1479 1421 ineffabili
1494 1349 1614 1448 gaudio
1629 1362 1727 1450 caput

156 1465 294 1549 extollit,
311 1467 345 1537 in
367 1466 499 1538 sublimi
517 1467 690 1568 splendore
708 1467 835 1566 gloriae,
854 1481 891 1540 ut
907 1468 1041 1569 paribus
1058 1469 1226 1542 tormentis
1246 1468 1308 1570 ipsi
1327 1467 1455 1542 Christo
1473 1469 1586 1542 similis
1606 1470 1725 1552 lactus,

156 1600 188 1658 et
208 1600 244 1659 ut
260 1587 407 1659 omnium
426 1601 604 1688 martyrum
622 1589 729 1690 primo
751 1591 939 1662 coronatus!
959 1589 1163 1690 Stephanus,
1183 1589 1240 1690 qui
1263 1589 1342 1662 olim
1358 1601 1444 1662 extra
1459 1589 1638 1662 Jerusalem
1659 1603 1726 1662 ter-

156 1706 263 1780 restris
287 1722 432 1808 portam,
454 1722 490 1781 ut
509 1708 651 1783 veritatis
670 1709 775 1794 testis,
792 1711 915 1784 occisus
937 1711 1016 1794 luit,
1035 1738 1139 1795 nunc,
1157 1711 1191 1782 in
1217 1723 1336 1784 eterna
1352 1708 1521 1796 felicitate,
1536 1710 1671 1783 summis
1694 1723 1727 1783 ct

155 1829 279 1929 absque
303 1829 369 1900 fine
394 1829 521 1928 gaudiis
545 1830 730 1914 redimitus,
753 1831 952 1930 glorificatur
975 1832 1016 1903 ab
1039 1831 1191 1904 omnibus
1214 1831 1368 1930 angelicis
1390 1831 1595 1904 virtutibus³l
1621 1831 1727 1930 Hujus

155 1977 292 2048 agonem
304 1949 468 2024 celebrare
480 1951 631 2024 revelatio
643 1965 705 2036 est,
715 1951 780 2025 imo
791 1952 897 2025 solum
911 1978 1048 2051 agonem
1062 1953 1231 2026 nominare
1240 1951 1428 2052 pradicatio
1439 1965 1486 2024 est
1498 1953 1584 2025 inter
1594 1951 1727 2050 angelos

155 2084 187 2144 ct
203 2071 290 2172 apud
308 2070 472 2143 homines!
489 2072 648 2174 Stephani
667 2073 752 2145 enim
769 2099 905 2156 nomen,
919 2073 954 2144 in
971 2071 1084 2171 lingua
1103 2073 1270 2157 hebraica,
1284 2099 1402 2146 corona
1417 2072 1535 2158 dicitur
1550 2103 1559 2144 ι
1574 2071 1724 2144 rCorona

155 2191 310 2293 «justitiae
338 2220 403 2292 qua
428 2193 592 2266 coronavit
616 2220 691 2266 eum
713 2207 817 2266 mater
841 2198 958 2266 sual.»
977 2196 1156 2267 Coronatus
1178 2195 1280 2267 luite
1306 2194 1426 2268 ludaris
1456 2205 1488 2266 et
1512 2193 1640 2265 oblatus
1666 2220 1726 2293 pro

154 2311 294 2385 Ecclesia
319 2314 482 2412 gentium,
498 2315 670 2416 quoniam,
692 2342 765 2388 cum
790 2343 865 2389 eum
885 2329 1092 2388 coronassent
1112 2315 1213 2390 invidi
1228 2314 1376 2399 deicidae,
1394 2313 1524 2415 pietatis
1547 2315 1727 2387 christianae

154 2433 278 2518 hostes,
294 2433 387 2506 inviti
404 2461 479 2508 eum
497 2449 533 2508 ut
550 2437 620 2537 spei
637 2437 773 2538 vitaque
792 2437 1036 2509 intercessorem
1054 2437 1089 2509 in
1109 2437 1249 2510 favorem
1273 2435 1421 2510 Ecclesia
1437 2436 1582 2534 gentium
1598 2435 1728 2508 obtule-

156 2569 243 2628 runt.
262 2553 382 2628 Judaeis
400 2556 532 2656 quidem
550 2556 715 2658 zelotypiae
734 2558 928 2658 invidiaeque
945 2585 1042 2630 causa
1064 2559 1209 2643 exstitit⁵,
1227 2557 1375 2631 Ecclesia
1397 2571 1506 2630 autem
1524 2556 1727 2655 gloriationis

156 2690 188 2748 et
206 2675 389 2777 voluptatis.
414 2677 559 2764 Primus,
584 2678 672 2752 illius
700 2679 823 2752 ultione
842 2678 944 2752 hostis
967 2677 1077 2782 (lbd)
1095 2680 1154 2782 qui
1175 2679 1338 2752 homicida
1363 2678 1425 2750 luit
1446 2679 1486 2751 ab
1509 2678 1619 2762 initio,
1638 2677 1726 2750 occi-

155 2797 277 2883 ditur⁰;
297 2811 345 2882 at,
372 2797 448 2871 lidci
472 2798 662 2900 splendore,
686 2827 818 2873 securus
845 2801 1008 2874 catholicae
1029 2799 1176 2874 Ecclesiae
1199 2801 1236 2874 lit
1258 2801 1354 2874 ensis.
1374 2799 1572 2874 Occiderunt
1596 2826 1671 2872 eum
1690 2811 1726 2871 ut

154 2945 283 2991 causam
302 2919 429 3020 pietatis
447 2947 523 3019 erga
540 2920 704 2994 Christum
723 2934 889 3019 agentem,
906 2934 952 3005 et,
968 2921 1109 3020 Spiritus
1124 2922 1235 2995 Sancti
1259 2922 1374 2994 virtute
1392 2942 1464 3021 que
1482 2921 1516 2994 in
1536 2948 1574 2994 eo
1589 2921 1724 3004 residet,

154 3066 271 3145 corona
288 3053 335 3112 cst
349 3040 486 3112 laetitiae⁷
502 3041 626 3143 populo
643 3068 726 3114 novo
743 3042 776 3114 in
789 3039 928 3113 Christo.
946 3041 993 3113 De
1006 3041 1114 3112 medio
1128 3067 1204 3114 eum
1218 3039 1332 3114 tollere
1347 3042 1541 3113 festinarunt
1556 3040 1633 3113 fidei
1644 3067 1727 3142 prae-

154 3159 349 3234 dicationem
374 3161 487 3234 tollere
514 3175 696 3262 sperantes,
724 3177 756 3235 at
778 3162 963 3263 Stephanus
987 3160 1102 3261 potens
1123 3161 1272 3235 Ecclesia
1299 3189 1428 3244 murus,
1452 3138 1544 3262 petra
1573 3160 1726 3233 [luctibus

154 3281 345 3354 inconcussa
360 3295 540 3384 portusque
556 3283 722 3355 omnium⁸
739 3281 1004 3356 Christicolarum
1017 3282 1120 3353 lactus
1136 3295 1198 3367 est,
1210 3281 1412 3355 confidenter
1426 3281 1549 3354 orando
1561 3281 1631 3353 vitae
1646 3306 1726 3352 auc-

153 3415 257 3474 torem
282 3414 318 3473 ut
342 3403 479 3475 salutem
501 3430 657 3504 spemque
676 3404 747 3476 vitae
762 3402 914 3477 omnibus
928 3401 1126 3476 Christicolis
1145 3402 1304 3502 largiatur
1327 3429 1385 3503 per
1399 3402 1550 3474 virtutem
1566 3401 1725 3497 sanguine

155 3520 273 3595 Christi
291 3523 526 3598 tinctaecrucis.
583 3583 586 3590 .
656 3568 664 3580 ·

206 3698 261 3772 lll.
290 3701 475 3801 Stephanus
492 3701 672 3804 prophetici
689 3702 821 3805 spiritus
838 3702 980 3804 primum
997 3728 1108 3775 semen
1127 3715 1159 3776 et
1176 3701 1361 3804 apostolice
1377 3700 1487 3801 gratiae
1505 3700 1602 3773 arbor
1618 3698 1726 3772 omni-

153 3821 215 3893 bus
233 3823 460 3924 prosequenda
477 3823 572 3896 votis!
591 3824 705 3896 Suavis
720 3824 837 3898 laetitia
852 3825 975 3897 fructus
989 3823 1136 3898 Ecclesia
1152 3823 1313 3920 gentium!
1331 3822 1532 3926 Stephanus,
1550 3821 1724 3922 Apostolo-

153 3969 227 4013 rum
254 3941 447 4044 discipulus,
474 3945 531 4017 sed
558 3945 670 4017 doctor
696 3961 874 4045 martyrum
900 3959 933 4017 et
960 3944 1123 4018 catholice
1151 3944 1299 4018 Ecclesiae
1325 3943 1492 4018 exultatio!
1520 3943 1723 4046 Stephanus,

151 4061 377 4162 pulcherrimae
393 4091 472 4138 rosae
487 4065 598 4149 instar,
611 4065 697 4138 inter
707 4065 822 4167 populi
835 4065 963 4140 ludoici
977 4065 1089 4167 vepres
1105 4067 1249 4139 florentis
1264 4079 1296 4138 et
1312 4064 1440 4138 insertae
1450 4065 1485 4136 in
1503 4064 1584 4137 tiara
1598 4090 1725 4136 coronae

152 4185 262 4284 sponsi
278 4185 428 4259 coelestisl
451 4188 548 4261 Foras
562 4189 681 4288 ejectus
698 4187 732 4258 in
751 4187 864 4260 orbem
881 4188 1089 4288 semetipsum
1105 4187 1241 4260 credidit
1259 4185 1373 4258 mundi
1393 4185 1548 4271 Domino,
1566 4183 1725 4286 capitibus

152 4306 360 4407 squamisque
385 4307 496 4380 multis
521 4323 634 4380 ornato
663 4306 813 4393 draconi,
836 4307 1027 4409 perditioni,
1051 4307 1164 4391 morti,
1184 4307 1335 4380 omnibus
1353 4307 1536 4389 tormentis;
1555 4319 1653 4406 atque
1678 4305 1725 4376 ita

152 4425 186 4496 in
201 4427 352 4500 omnibus
367 4429 512 4500 omnium
524 4428 680 4502 Salvatori
692 4428 806 4502 similis
821 4431 953 4502 effectus
963 4444 1026 4514 est,
1042 4430 1127 4514 miti,
1143 4429 1248 4514 bono,
1260 4429 1401 4502 innocuo
1417 4428 1469 4500 isti
1481 4429 1574 4527 Agna
1586 4427 1643 4528 qui
1656 4454 1726 4499 sus·

151 4546 226 4619 tulit
247 4563 377 4650 peccata
392 4549 524 4634 mundi,
544 4549 666 4651 quique
689 4563 871 4651 «tanquam
890 4551 956 4623 ovis
971 4551 1013 4623 ad
1030 4550 1257 4624 mactationem
1274 4550 1417 4622 venit⁰.n
1436 4549 1594 4650 Tempore
1611 4547 1724 4620 mortis

152 4668 253 4741 oravit
277 4696 336 4770 pro
353 4669 573 4770 lapidantibus
596 4697 630 4743 se
654 4669 801 4744 hostibus
822 4672 980 4756 veritatis,
1005 4671 1142 4745 dicens:
1168 4672 1347 4757 «Domine,
1366 4699 1408 4745 ne
1429 4685 1559 4771 reputes
1581 4669 1645 4741 illis
1663 4670 1724 4743 boc

152 4818 169 4853 ιι
177 4793 421 4887 peccatum¹⁰;n
439 4804 537 4893 atque
552 4791 730 4892 suspiciens
741 4793 837 4866 coelos
852 4820 917 4895 quo
931 4793 1114 4894 pertingere
1126 4793 1315 4878 festinabat,
1329 4793 1440 4893 positis
1452 4791 1605 4891 genibus,
1622 4790 1700 4862 dixit
1713 4821 1721 4862 :

151 4909 314 4984 «bomine
330 4912 423 4998 lesu,
446 4914 572 5015 suscipe
592 4914 740 5015 spiritum
764 4919 944 5002 meum¹¹,n
962 4929 1156 5016 posteaque,
1180 4942 1217 4988 ac
1236 4915 1263 4987 si
1280 4915 1420 4987 suaviter
1435 4913 1609 5014 accepisset
1629 4911 1724 4984 retri-

189 5086 197 5116 ¹
217 5085 235 5138 Α
255 5083 369 5142 diaconis.
391 5120 429 5128 -
447 5092 458 5122 ¹
478 5088 497 5144 B
521 5089 686 5144 commiscerer.
704 5120 741 5129 -
758 5091 768 5123 ³
787 5089 901 5162 Sequens
975 5090 1069 5165 dataque
1086 5107 1162 5144 coeco
1175 5089 1275 5143 exstitit.
1295 5120 1333 5129 -
1351 5091 1361 5122 ⁸
1380 5088 1399 5142 B
1415 5087 1558 5142 occiderant.
1579 5117 1616 5130 -
1634 5089 1644 5120 ⁷
1665 5086 1725 5140 bin

150 5195 247 5231 comma
259 5177 294 5232 iu
309 5177 400 5253 legitur
409 5179 434 5235 in
449 5181 484 5236 ll:
502 5179 577 5254 Cujus
591 5201 676 5237 nomes
690 5201 743 5236 m
757 5181 834 5236 oirtus
849 5192 899 5246 ret,
977 5181 1078 5237 Christo.
1094 5187 1153 5225 —⁸
1170 5183 1187 5238 l
1204 5181 1284 5236 omitt.
1301 5183 1413 5236 crurium.
1429 5213 1464 5222 -
1476 5185 1486 5214 '
1500 5179 1557 5236 lroi.
1572 5199 1632 5243 ιιιι,
1647 5199 1671 5254 7.
1687 5211 1724 5222 -

151 5270 214 5324 unde
232 5270 328 5325 virtrnb
345 5284 380 5326 ert
399 5273 462 5328 illud
473 5275 591 5348 prpsevvv.
608 5309 641 5317 —
663 5277 673 5310 ⁴
695 5273 785 5328 Contio.
808 5273 899 5330 Contio.
976 5277 993 5309 ¹⁸
1008 5273 1060 5329 det.
1076 5293 1123 5339 vn,
1138 5275 1182 5347 59.
1198 5305 1235 5315 —
1249 5277 1265 5308 ¹¹
1281 5272 1342 5328 lbid.
1359 5273 1403 5330 58.

154 5382 197 5426 ιιι,
216 5383 222 5418 ι
234 5385 257 5420 r.
268 5395 305 5406 -
316 5367 326 5398 ⁵
338 5366 355 5421 l
367 5367 475 5422 omittit:
492 5366 583 5422 Iudeis
601 5369 695 5442 quidem
706 5368 826 5441 zelotypio
840 5369 900 5422 isoi-
