3990 6092
755 559 960 628 SANCTUS
985 559 1203 627 lGNlt'l'lUS.
1695 560 1761 625 279

194 723 330 783 serunt:
351 710 472 781 inventi
495 711 581 780 eninr
603 723 678 780 sunt
700 711 898 808 potentiores
920 715 1056 782 morte¹.
1084 710 1259 812 Postquam
1282 724 1390 781 autem
1412 709 1600 791 resurrexit,
1625 707 1763 779 eomedit

193 831 310 902 etiam¹
327 857 400 902 enm
419 831 480 913 eis,
500 843 531 901 et
548 829 646 914 bibit,
666 830 801 902 existens
819 830 991 914 earnalis¹‚
1011 844 1042 901 et
1059 831 1287 931 spiritualiter¹
1305 831 1416 902 unitus
1432 830 1529 902 Patri.

244 1005 295 1078 lv.
326 1005 406 1077 llaee·
422 1005 550 1078 scriho⁵
567 1004 671 1089 vobis,
694 1005 803 1078 dilecti
824 1007 903 1087 mei,
926 1008 1028 1077 sciens
1052 1007 1207 1107 quoniam
1225 1020 1257 1079 et
1274 1034 1329 1078 vos
1348 1007 1439 1078 haee¹
1461 1005 1598 1078 hahetis.
1615 1005 1762 1078 Praemu-

194 1127 247 1200 nio
266 1143 378 1199 autem·
395 1153 450 1198 vos
470 1155 494 1198 a.
507 1126 615 1198 bestiis
636 1125 959 1227 anthropomorphis:
979 1155 1060 1226 quos
1081 1153 1147 1198 non
1170 1127 1276 1198 solum
1297 1140 1422 1227 oportet
1441 1154 1496 1198 vos
1518 1154 1582 1199 non
1604 1127 1761 1226 recipere,

193 1247 265 1332 sed,
275 1249 302 1318 si
315 1245 482 1347 possibile,
498 1275 603 1346 neque
617 1248 661 1318 eis
675 1247 866 1319 ohviam'ire
876 1249 1009 1319 omnino
1018 1254 1047 1332 ¹3
1059 1247 1164 1320 solum
1176 1262 1283 1319 autem
1297 1273 1388 1318 orare
1401 1275 1460 1348 pro
1472 1248 1564 1347 ipsis,
1574 1248 1599 1318 si
1613 1248 1695 1318 lorte
1708 1273 1762 1318 eos

192 1369 362 1468 poeniteat,
382 1367 457 1440 licet
476 1367 538 1439 hoe
561 1367 689 1440 difficile
712 1369 752 1440 sit
773 1368 882 1469 ipsis-⁸.
906 1366 1011 1467 llujus
1028 1382 1137 1440 autem
1159 1368 1258 1440 habet
1281 1382 1472 1468 potestatem
1489 1367 1581 1440 Jesus
1600 1367 1760 1451 Christus,

191 1516 264 1561 vera
286 1502 394 1561 nostra
408 1489 470 1560 vita
478 1494 503 1560 1.
522 1489 557 1562 Si
570 1490 722 1562 antemin
738 1490 842 1589 specie
856 1487 925 1561 haee
943 1504 1074 1589 operata
1088 1504 1163 1561 sunt
1176 1488 1289 1592 (257)
1308 1518 1326 1561 a
1346 1489 1485 1561 Domino
1503 1501 1611 1560 nostro
1629 1519 1637 1560 ι
1655 1504 1687 1561 et
1702 1515 1761 1584 ego

192 1611 226 1684 in
244 1611 349 1710 specie
363 1610 457 1707 ligor.
473 1611 538 1682 Cur
555 1625 663 1684 autem
680 1610 827 1711 alioquin
844 1610 964 1682 tradidi
983 1610 1143 1710 meipsum
1160 1611 1272 1694 morti,
1291 1611 1333 1682 ad
1348 1611 1474 1707 ignem,
1492 1609 1533 1681 ad
1550 1608 1712 1708 gladium,
1731 1624 1763 1680 et

190 1729 233 1802 ad
251 1731 391 1803 bestias?
407 1731 472 1804 Sed
490 1731 547 1831 qui
563 1732 727 1831 proximus
737 1735 762 1776 ¹⁰
777 1745 824 1804 est
839 1731 966 1828 gladio,
984 1733 1149 1831 proximus
1162 1745 1211 1802 est
1225 1732 1293 1805 Deo
1312 1760 1320 1802 :
1339 1731 1397 1829 qui
1412 1743 1459 1803 est
1476 1731 1511 1802 in
1526 1729 1635 1802 medio
1646 1734 1671 1774 ¹¹
1689 1730 1763 1802 hes-

192 1851 330 1934 tiarum,
345 1863 392 1922 est
411 1851 444 1922 in
462 1851 570 1922 medio
584 1851 654 1924 Dei.
674 1851 787 1924 Solum
803 1851 837 1922 in
856 1852 1079 1930 nominelesu
1095 1851 1230 1936 Christi,
1243 1865 1279 1923 ut
1295 1852 1417 1923 moriar
1433 1878 1506 1922 cum
1522 1851 1591 1950 ipso
1602 1855 1638 1934 ¹¹,
1654 1850 1760 1922 omnia

191 1972 357 2044 sustineo:
371 1973 440 2071 ipse
458 1971 578 2072 estqui
595 1999 647 2044 me
662 1972 857 2054 fortificat¹³,
878 1973 934 2072 qui
952 1985 1000 2044 est
1017 1972 1177 2072 perlectus
1193 1972 1338 2044 homo¹¹.

241 2129 278 2199 V.
307 2129 560 2228 Quemquirlam
572 2129 774 2228 ignorantes,
792 2129 971 2227 abnegant;
988 2130 1089 2227 magis
1106 2143 1214 2201 autem
1227 2129 1377 2228 abnegati
1393 2144 1468 2201 sunt
1481 2128 1521 2201 ab
1534 2130 1620 2229 ipso3
1637 2130 1762 2201 concio-

192 2263 321 2323 natores
334 2253 359 2295 ¹⁵
377 2251 480 2348 magis
497 2251 625 2334 mortis,
650 2277 748 2349 quum
769 2251 930 2322 veritatis:
950 2277 1032 2350 quos
1050 2278 1116 2322 non
1130 2263 1361 2352 persuaserunt
1383 2249 1567 2352 Prophetae,
1585 2277 1690 2351 neque
1713 2250 1762 2322 lex

192 2370 310 2469 Moysi,
324 2397 431 2470 neque
439 2375 466 2417 11
481 2371 688 2470 Evangelium
699 2398 802 2472 usquo
817 2399 919 2456 nune,
937 2373 1213 2474 neque¹⁷victoria
1227 2372 1416 2473 passionum
1432 2385 1624 2444 nostrarum.
1635 2371 1761 2444 Etenim

192 2493 288 2564 etiam
300 2497 326 2538 11
344 2493 385 2564 de
403 2493 496 2565 nohis
512 2494 555 2565 ita
574 2494 715 2594 sapiunt.
734 2493 822 2577 Quid
840 2495 926 2566 enim
945 2493 1026 2564 mihi
1042 2495 1173 2594 prodest
1189 2495 1277 2597 quis,
1289 2495 1316 2566 si
1330 2521 1382 2566 me
1398 2492 1525 2579 laudat;
1541 2507 1572 2564 et
1585 2494 1761 2565 Dominum

192 2627 301 2685 autem
326 2640 435 2686 meum
454 2613 676 2716 blasphemat,
699 2642 764 2687 non
791 2616 949 2687 confitens
970 2615 1076 2715 ipsrun
1099 2615 1319 2688 carnileruml
1336 2615 1401 2700 Qui
1422 2627 1529 2686 autem
1553 2611 1615 2686 hoe
1638 2614 1759 2697 dieit¹¹,

190 2736 296 2835 ipsum
317 2735 457 2836 perfecte
481 2737 665 2834 abnegavit,
688 2727 798 2809 [erens
815 2749 951 2810 mortem
963 2739 1001 2808 ¹⁰.
1026 2737 1163 2809 Nomina
1187 2750 1294 2808 autem
1317 2737 1478 2837 ipsorum,
1496 2736 1662 2808 existentia
1682 2736 1761 2807 insi-

189 2854 289 2938 delia,
309 2881 374 2928 non
395 2857 487 2956 potui
506 2857 646 2930 scrihere
667 2857 757 2930 vohis
768 2861 814 2928 ¹¹:
831 2858 888 2930 sed
906 2885 1012 2958 neque
1037 2859 1095 2930 fiat
1117 2858 1198 2930 milii
1219 2859 1363 2957 ipsorum
1386 2857 1564 2940 reeordari,
1580 2856 1683 2929 donee
1706 2883 1760 2928 eos

188 2978 342 3076 poeniteat
356 2977 390 3049 in
406 2992 540 3050 mortem
558 2979 689 3050 Domini
704 2977 805 3050 nostri
822 2979 898 3049 Jesn
914 2977 1078 3062 Christi¹¹,
1095 3006 1168 3078 quae
1187 2991 1234 3049 est
1252 2994 1362 3050 nostra
1376 2978 1576 3052 resurreetio.

241 3145 292 3218 Vl.
320 3145 435 3218 Nullus
450 3160 545 3218 erret.
562 3145 670 3217 Sive¹¹
682 3143 954 3243 supercoelestia,
970 3145 1034 3215 sive
1045 3144 1148 3240 gloria
1164 3143 1378 3242 Angelorum,
1393 3159 1424 3216 et
1437 3145 1603 3243 Principes
1619 3144 1759 3216 visibiles

187 3277 220 3337 et
234 3265 423 3348 invisibiles,
440 3265 467 3336 ei
484 3291 551 3338 non
568 3263 701 3336 credant
718 3265 751 3336 in
775 3263 950 3336 Dominum
969 3277 1116 3336 nostrum
1132 3264 1242 3335 lesum
1261 3263 1425 3336 Christum
1435 3267 1474 3347 ¹¹,
1493 3277 1525 3336 et
1541 3263 1576 3334 in
1592 3264 1661 3360 ejus
1678 3264 1760 3334 hea-

188 3391 290 3458 tum¹¹
303 3385 512 3483 sauguinem,
531 3385 628 3457 etiam
645 3385 707 3485 ipsi
719 3383 1000 3483 judicabuntur¹⁶.
1018 3385 1082 3468 Qui
1098 3384 1199 3484 rapit,
1214 3384 1337 3484 capiat:
1356 3383 1465 3456 nullus
1479 3384 1612 3457 infletur
1627 3396 1760 3483 propter

187 3506 347 3578 loeum¹¹2
367 3519 471 3579 totum
485 3507 573 3578 enim
589 3519 638 3578 est
655 3507 735 3579 sides
751 3520 783 3579 et
800 3505 972 3578 charitas¹⁸
988 3505 1107 3606 quihus
1122 3504 1204 3578 nihil
1221 3507 1425 3605 prestantius
1443 3510 1537 3578 est¹⁹.
1551 3504 1759 3578 Considerate

188 3639 295 3698 autem
320 3626 446 3728 eosqui
462 3654 528 3699 non
544 3627 680 3700 credunt
696 3629 731 3700 in
749 3628 887 3725 gratiam
901 3627 1032 3701 Domini
1048 3629 1149 3700 nostri
1157 3631 1185 3672 11
1196 3627 1272 3700 Jesn
1290 3627 1424 3712 Christi,
1443 3653 1515 3726 que
1530 3627 1564 3698 in
1580 3652 1639 3698 nos
1656 3626 1756 3710 venit3

187 3745 326 3846 qualiter
347 3748 605 3822 contradicunt⁸¹
624 3749 791 3822 sententie
807 3749 877 3821 Dei.
897 3749 945 3822 De
966 3749 1121 3823 charitate
1139 3776 1204 3823 non
1222 3763 1270 3821 est
1292 3776 1368 3821 curu
1389 3749 1481 3848 ipsis,
1500 3775 1565 3820 non
1585 3748 1626 3820 de
1645 3745 1757 3829 vidua,

187 3867 267 3960 vel³¹
282 3867 323 3940 de
340 3868 504 3969 orphano,
519 3870 569 3942 vel
587 3868 627 3942 de
645 3871 826 3968 indigente,
845 3869 894 3942 vel
912 3871 952 3943 de
967 3870 1137 3954 tribulato,
1154 3870 1204 3942 vel
1222 3870 1262 3942 de
1278 3870 1455 3954 esuriente,
1472 3870 1513 3942 de
1528 3869 1668 3942 clauso..
1686 3925 1694 3940 .

223 4085 230 4114 ¹
250 4083 302 4137 tar.
316 4101 390 4156 super
402 4087 572 4138 mortum—²
591 4083 619 4138 lu
631 4103 669 4160 gr.
681 4093 707 4140 et
722 4085 763 4139 lat.
774 4085 843 4139 deest
851 4087 930 4140 suum.

183 4178 241 4216 -1
260 4177 288 4230 ln
297 4195 335 4250 gr.
346 4183 371 4230 et
381 4173 424 4230 lat.
436 4187 463 4230 ut
472 4175 586 4231 emulis.
596 4178 653 4219 —¹
673 4177 702 4232 ln
711 4197 749 4252 gr.
760 4186 785 4233 et
795 4177 836 4232 lat.
847 4197 931 4253 prount-

1006 4085 1036 4140 de
1049 4085 1115 4139 uobis
1131 4086 1203 4140 idern
1216 4126 1223 4139 .
1236 4126 1242 4139 .
1258 4117 1295 4126 —
1305 4089 1323 4119 11
1342 4087 1371 4140 ln
1382 4103 1423 4159 gr.
1435 4091 1460 4140 et
1474 4085 1516 4139 lat.
1533 4085 1622 4139 rectius
1634 4103 1680 4138 uon
1692 4083 1757 4136 dicit.

1007 4209 1043 4219 —
1052 4181 1073 4213 11
1093 4179 1136 4234 Gr.
1151 4185 1176 4232 et
1185 4177 1226 4232 lat
1238 4179 1340 4256 asienus
1350 4178 1421 4231 morti
1431 4197 1466 4232 er.
1475 4209 1511 4218 -
1523 4179 1539 4211 ²¹
1562 4177 1605 4232 Gr.
1621 4186 1646 4232 et
1657 4177 1699 4231 let.
1711 4195 1758 4229 uon

183 4270 218 4322 oie
232 4267 399 4342 spiritualiter.
412 4271 467 4310 -¹
486 4269 530 4325 Gr.
543 4275 568 4324 et
578 4267 621 4326 lat.
631 4269 689 4324 Huc
698 4283 779 4325 uuum
789 4281 846 4324 notu
852 4271 930 4342 surio.

183 4365 238 4403 -1
257 4363 301 4416 Gr.
311 4368 337 4418 et
346 4361 388 4417 let.
402 4363 437 4416 sie
449 4362 547 4418 utnon
558 4367 616 4406 -⁷
636 4364 681 4419 Gr.
691 4364 766 4418 stlat.
777 4382 825 4418 non
838 4363 934 4419 hahent

184 4456 283 4510 omuino.
294 4457 351 4496 -1
371 4456 416 4511 Gr.
425 4463 451 4510 et
459 4455 501 4510 lat.
514 4464 609 4510 tantum
623 4457 688 4530 quod
696 4457 799 4532 ¹¹lffi¹¹¹¹·
810 4489 847 4499 —
857 4461 868 4492 1
888 4459 931 4512 Gr.

183 4555 210 4602 et
223 4547 266 4603 let.
278 4567 360 4603 onum
374 4561 482 4603 nonaum
494 4551 580 4603 riom.
589 4580 627 4591 -
637 4552 655 4583 11
670 4549 713 4605 Gr.
726 4557 752 4605 et
764 4550 805 4604 let.
819 4550 847 4604 in
863 4557 933 4604 utro-

184 4659 233 4714 que
246 4641 299 4696 looo
308 4661 391 4715 prope.
404 4643 466 4684 -¹¹
486 4641 529 4696 Gr.
547 4649 573 4696 et
585 4643 628 4696 lat.
640 4641 680 4696 his
696 4643 757 4697 inter
773 4641 885 4698 medium.
894 4674 932 4684 -

185 4736 203 4766 ¹¹
222 4733 265 4790 Gr.
280 4742 306 4790 et
324 4734 367 4789 tar.
386 4734 420 4790 ud
438 4737 540 4810 computi
555 4736 611 4810 ipsi.
624 4753 661 4776 -’-
676 4739 695 4770 11
714 4737 757 4792 Gr.
775 4743 800 4792 et
818 4736 859 4791 lat.
881 4737 932 4808 ipso

184 4826 380 4900 mejort'ficuute.
390 4861 429 4870 —
436 4830 455 4864 ¹¹
476 4830 519 4885 Gr.
531 4835 558 4883 et
567 4829 608 4882 lat.
621 4830 665 4902 qui
671 4829 793 4902 perfletur
803 4829 932 4903 homosoe-

185 4929 224 4972 tus
242 4932 284 4974 ert.
299 4951 337 4960 -
352 4924 371 4954 11
390 4921 434 4975 Gr.
452 4929 477 4976 et
490 4921 532 4976 lat.
553 4921 677 4976 suetam
697 4923 880 4977 encomium.
895 4955 932 4964 -

186 5015 203 5045 11
222 5013 266 5067 Gr.
282 5020 308 5067 et
320 5015 361 5068 lat.
374 5015 415 5069 ud
426 5035 508 5090 oeque.
522 5047 556 5057 -
570 5017 587 5048 11
607 5017 650 5071 Gr.
664 5023 689 5070 et
702 5016 744 5071 lat.
757 5035 830 5092 neque
846 5029 933 5072 nostre

184 5126 265 5161 eorum
277 5105 321 5180 qui
336 5109 463 5163 eruendum
478 5109 556 5164 uirum
568 5109 699 5184 possimus.
712 5143 749 5152 -
762 5113 780 5144 11
793 5111 836 5166 Gr.
851 5116 876 5164 et
889 5111 929 5164 lat.

1006 4273 1083 4326 mm
1099 4281 1135 4326 est
1150 4268 1211 4324 asilii
1229 4271 1364 4325 sasaim
1375 4301 1412 4314 -
1423 4273 1443 4305 11
1463 4271 1505 4326 Gr.
1522 4277 1546 4326 et
1563 4271 1606 4324 lat.
1623 4270 1648 4323 in
1659 4271 1757 4342 passio-

1006 4383 1072 4428 nem,
1088 4363 1142 4420 sine
1159 4365 1191 4418 D.
1209 4363 1239 4418 N.
1259 4364 1283 4418 J.
1301 4363 1329 4418 C.
1346 4394 1385 4404 —
1399 4367 1418 4397 ²¹
1438 4363 1481 4418 Gr.
1499 4370 1528 4418 et
1547 4363 1589 4417 lat.
1607 4363 1632 4416 in
1652 4371 1758 4436 utroque

1006 4457 1058 4511 loco
1067 4468 1097 4512 et.
1112 4489 1151 4498 -
1164 4457 1183 4490 11
1203 4456 1247 4512 Gr.
1262 4464 1288 4511 el
1299 4456 1341 4510 let.
1355 4474 1405 4510 nun
1419 4455 1512 4511 hahent
1526 4456 1551 4508 in
1565 4454 1691 4509 Dominum
1702 4475 1757 4508 uos-

1006 4561 1070 4604 trum
1083 4547 1165 4604 lesum
1178 4549 1307 4604 Christum.
1318 4581 1355 4591 —
1365 4551 1386 4582 ²⁵
1402 4549 1445 4604 Gr.
1456 4549 1534 4603 stlat.
1551 4555 1648 4602 tentum
1663 4550 1688 4600 in
1700 4568 1757 4601 son-

1004 4644 1101 4717 gur'uem
1118 4641 1214 4696 Chr-uti.
1226 4673 1264 4684 -
1276 4645 1296 4676 11
1316 4643 1359 4698 Gr.
1376 4649 1402 4697 et
1416 4643 1457 4696 lat.
1473 4653 1495 4695 et
1515 4641 1564 4696 itte
1575 4641 1696 4713 judr'cium
1713 4651 1756 4695 est.

1005 4769 1042 4778 —-
1056 4739 1075 4772 11
1096 4737 1139 4792 Gr.
1155 4738 1231 4791 τόπος
1246 4734 1343 4804 μηδένα
1356 4738 1494 4804 enormem
1504 4737 1547 4790 let.
1557 4735 1663 4809 qualiter
1674 4735 1756 4788 nullus

1005 4831 1110 4903 infletur.
1120 4862 1158 4870 -
1171 4833 1192 4864 11
1211 4830 1256 4884 Gr.
1274 4837 1299 4884 et
1314 4829 1357 4884 lat.
1369 4829 1456 4903 quihus
1471 4829 1532 4882 nihil
1539 4829 1696 4901 praepositum
1712 4839 1755 4881 est.

1005 4927 1070 4966 -11
1090 4925 1133 4978 Gr.
1144 4931 1170 4977 et
1180 4923 1222 4978 lut.
1236 4924 1309 4978 aliter
1320 4924 1451 4997 opinumes.
1461 4954 1497 4963 -
1511 4925 1531 4954 ³⁰
1550 4922 1594 4978 Gr.
1609 4928 1634 4974 et
1648 4921 1689 4975 lat.
1702 4925 1754 4974 'non

1004 5017 1090 5091 legunt
1104 5015 1201 5070 Dorrrini
1216 5017 1299 5070 nostri.
1315 5047 1350 5056 -
1360 5019 1377 5048 ¹¹
1399 5016 1442 5071 Gr.
1459 5023 1483 5070 et
1498 5015 1539 5068 lat.
1559 5015 1675 5068 contrarii
1690 5025 1754 5068 sunt.

1005 5141 1042 5150 -
1051 5111 1071 5144 11
1092 5109 1135 5166 Gr.
1146 5117 1171 5164 et
1183 5109 1225 5164 lat.
1238 5107 1331 5183 ubique
1344 5129 1397 5162 nou.
