3990 6092
231 611 298 678 its
579 607 752 675 PATRUM
784 603 1186 672 ANTENICAENORUM
1216 605 1457 673 inlunem.

231 764 357 834 torum¹
371 761 487 832 animae
502 758 677 831 doluerunt
690 757 730 829 de
745 757 917 830 Beatorum
934 755 1069 827 istorum
1080 769 1200 839 morte,
1213 755 1516 856 venerabiliumque
1533 781 1649 828 senum
1664 783 1804 853 agonem

230 881 380 954 admirati
397 893 473 952 sunt
489 879 607 978 angeli.

283 1003 319 1074 V.
351 999 457 1102 [Tunc
479 1001 598 1100 impius
618 999 835 1098 scelestusque
856 999 1031 1097 imperator
1057 999 1140 1070 Nero
1168 996 1296 1080 ambos,
1321 1025 1387 1068 una
1406 995 1681 1096 eodemquedie,
1700 997 1805 1069 occidi

225 1123 332 1222 jussit.
355 1124 472 1205 Porro,
494 1148 567 1193 cum
589 1120 792 1193 adventasset
810 1119 891 1191 hora
913 1146 977 1219 qua
1000 1133 1137 1190 mortem
1161 1118 1273 1191 subire
1295 1118 1459 1190 debebant
1479 1118 1594 1190 Simon
1612 1131 1645 1190 et
1663 1117 1805 1202 Paulus,

230 1243 430 1344 patriarcalis
444 1242 611 1340 dignitatis
626 1240 899 1313 consecrationem
912 1239 1117 1312 tradiderunt
1131 1239 1315 1338 discipulis,
1328 1239 1444 1312 Simon
1456 1239 1569 1311 Petam
1584 1239 1695 1311 Marco
1708 1239 1805 1311 disci-

229 1365 308 1464 pulo
329 1389 405 1448 suo,
426 1362 613 1463 Paulusque
635 1361 799 1461 apostolus
822 1361 931 1444 Lucam
951 1375 1066 1462 atque,
1089 1361 1167 1432 dum
1189 1359 1232 1432 ad
1259 1374 1397 1433 mortem
1421 1361 1558 1442 exirent,
1576 1387 1595 1432 a
1615 1361 1808 1433 centurione

230 1485 440 1586 expostulavit
454 1485 568 1556 Simon
582 1497 619 1556 ut
632 1484 738 1584 ipsum
752 1483 856 1583 capite
871 1482 997 1554 inverso
1012 1481 1253 1580 crucifigerent,
1266 1509 1331 1582 quo
1346 1481 1492 1580 magistri
1504 1482 1556 1554 sui
1570 1482 1655 1554 talos
1669 1481 1806 1554 deoscu-

229 1604 475 1707 tertiaeet]
491 1605 589 1678 Estne
605 1605 722 1705 aliquis
739 1605 783 1675 ita
799 1617 907 1676 mente
923 1603 1070 1686 orbatus,
1091 1617 1142 1686 ut,
1158 1603 1327 1676 Simonem
1345 1603 1523 1703 Cepham³,
1537 1604 1641 1703 capite
1657 1604 1803 1686 inverso,

230 1729 264 1798 in
280 1755 374 1799 cruce
385 1753 577 1827 suspensum
589 1727 713 1810 ridens,
726 1725 838 1797 dolore
851 1751 917 1796 non
931 1725 1117 1825 quatiatur?
1129 1725 1213 1822 Ego,
1226 1726 1326 1797 irater
1336 1726 1381 1797 mi
1396 1725 1660 1808 'limotlaeemon
1672 1725 1806 1797 aderam

231 1875 305 1921 cum
321 1861 467 1922 mortuus
484 1861 546 1931 est,
565 1847 722 1947 qnoniam
741 1846 880 1918 Paulum
897 1860 1026 1919 secutus
1040 1847 1182 1930 luerem,
1201 1860 1299 1947 atque
1321 1873 1388 1918 non
1404 1846 1438 1918 in
1453 1873 1520 1918 uno
1538 1846 1719 1946 eodemque
1732 1845 1808 1918 loco

231 1968 328 2042 ambo
346 1970 490 2042 coronati
505 1982 590 2041 sunt.
611 1968 639 2041 0
657 1969 757 2040 irater
774 1968 820 2039 mi
841 1967 1027 2051 Timothee,
1044 1995 1142 2067 quam
1163 1968 1262 2040 tristis
1276 1967 1339 2039 luit
1355 1968 1436 2040 hora
1450 1995 1518 2067 qua
1533 1967 1635 2040 Paulo
1652 1968 1808 2068 pracepit

231 2092 376 2164 centurio
402 2104 439 2162 ut
462 2105 574 2190 caput,
597 2089 741 2189 gladium
768 2115 937 2190 passurus,
960 2088 1176 2172 demitteret,
1197 2088 1294 2188 [dum
1317 2089 1402 2189 ipse,
1425 2089 1519 2162 illum
1545 2103 1729 2188 aspectans,
1753 2089 1809 2160 la-

231 2239 355 2311 crymas
377 2212 554 2285 fundebat!
574 2209 604 2284 0
629 2211 752 2284 tristem
776 2207 888 2312 (265)
908 2210 1023 2282 horam
1048 2237 1113 2311 qua
1134 2210 1274 2283 Paulum
1301 2210 1408 2283 coelos
1432 2211 1679 2310 suspicientem,
1703 2211 1810 2282 crucis

230 2334 359 2432 signum
375 2360 474 2433 snper
489 2332 615 2406 vultum
630 2358 725 2404 suum
741 2332 982 2414 eliormantem,
996 2333 1140 2432 miteque
1155 2345 1187 2404 et
1201 2331 1341 2404 libenter
1356 2357 1464 2405 coram
1481 2331 1592 2431 gladio
1604 2345 1702 2432 caput
1714 2331 1810 2402 incli-

232 2468 365 2527 nantem
383 2453 484 2554 vidit]
502 2453 532 2528 0
553 2453 738 2536 infandam,
757 2453 856 2525 irater
874 2453 935 2536 mi,
954 2453 1069 2525 horam
1087 2481 1151 2553 qua
1169 2453 1201 2524 in
1218 2454 1351 2554 proprio
1371 2453 1516 2527 volutum
1535 2453 1694 2551 sangrrine
1712 2451 1807 2524 illum

232 2576 400 2676 conspexi!

284 2696 336 2769 Vl.
364 2696 412 2769 En
435 2722 572 2793 corpora
589 2709 771 2768 sanctorum
801 2697 910 2769 Romae
931 2695 1078 2797 deposita
1103 2710 1193 2778 sunt,
1220 2723 1328 2797 neque
1351 2724 1464 2769 eorum
1488 2725 1562 2796 pars
1583 2697 1692 2796 aliqua
1719 2711 1807 2768 extra

232 2819 367 2891 Romam
386 2833 445 2892 est.
463 2817 585 2891 Eadem
603 2818 656 2891 die
675 2819 771 2890 multi
787 2818 901 2891 iratres
917 2818 1011 2891 occisi
1025 2833 1112 2890 sunt.
1131 2819 1249 2900 Porro,
1264 2833 1378 2902 noctu,
1395 2847 1468 2891 cum
1486 2819 1641 2892 iratribus
1659 2845 1808 2916 egressus

232 2939 358 3012 Marcus
376 2940 541 3014 Simonem
557 2940 701 3039 Cepham
720 2967 738 3012 e
756 2966 850 3013 cruce
867 2939 1034 3040 deposuit,
1051 2939 1211 3040 Paulique
1231 2966 1348 3040 corpus
1365 2941 1531 3024 auferens,
1545 2941 1716 3013 amborum
1731 2966 1807 3012 cor-

230 3088 310 3161 pora
329 3061 361 3132 in
382 3089 484 3133 unum
503 3060 720 3163 eumdemque
735 3062 857 3146 locum,
873 3075 991 3134 terram
1008 3062 1159 3162 desuper,
1177 3061 1324 3135 contulit.
1337 3061 1431 3134 Pauli
1446 3075 1700 3160 verocaputnon
1715 3061 1808 3132 inve-

232 3197 365 3267 nerunt,
383 3184 460 3286 quia
478 3211 539 3256 nox
560 3197 638 3257 erat.
659 3183 768 3267 Quum
786 3198 893 3257 antem
912 3184 980 3257 dies
999 3184 1168 3269 illuxisset,
1190 3211 1226 3256 es
1244 3184 1325 3257 urbe
1341 3183 1504 3282 sapientes
1521 3183 1580 3256 viri
1602 3183 1808 3280 egredientes

231 3304 435 3378 abstulerunt
452 3333 587 3405 corpora
600 3319 785 3380 sanctorum
796 3332 899 3405 eaque
911 3305 1091 3378 honorifica
1106 3305 1273 3406 sepultura
1293 3305 1467 3378 donarunt.
1486 3305 1596 3402 Longo
1611 3319 1720 3378 nutem
1733 3301 1821 3404 post'

231 3439 393 3523 tempore,
411 3428 569 3499 transiens
585 3426 797 3498 armentarius
814 3425 947 3527 quidam
966 3441 1128 3527 caputque
1152 3426 1246 3499 Pauli
1263 3429 1374 3524 jacens
1390 3426 1482 3499 humi
1501 3426 1628 3507 videns,
1652 3427 1807 3524 ignorans

231 3549 323 3647 cujus
341 3561 438 3648 caput
457 3562 554 3630 esset,
575 3548 657 3620 illud
672 3547 788 3619 baculo
806 3546 938 3619 abstulit
951 3560 1049 3647 atque
1065 3547 1099 3617 in
1113 3547 1187 3618 ovili
1206 3546 1367 3646 deposuit.
1386 3549 1426 3618 At
1443 3575 1533 3632 cum,
1551 3561 1644 3619 nocte
1663 3547 1803 3646 integra,

269 3765 275 3793 ¹
297 3761 441 3832 isunnam
449 3767 474 3813 ot
483 3760 562 3814 omitt.
574 3759 714 3822 doluerunt,
722 3759 806 3832 legens
813 3758 903 3814 horum
915 3759 980 3812 loco:
1056 3777 1157 3813 armena
1170 3757 1282 3831 ejusdem
1289 3759 1398 3832 epistola·
1407 3765 1432 3814 et
1441 3759 1468 3813 in
1478 3759 1561 3814 codice
1568 3759 1660 3832 syriaco
1670 3763 1698 3813 Α.
1709 3791 1746 3800 -
1757 3761 1767 3790 ³
1787 3761 1804 3812 l

230 3855 370 3928 congregati
385 3853 419 3904 od
435 3852 637 3922 contemplandum
655 3871 718 3904 nunc
740 3863 845 3906 mntem.
862 3884 899 3891 -
916 3854 925 3884 ¹
944 3851 981 3905 th
1056 3853 1136 3906 omitt.
1149 3850 1260 3924 Cepltom
1270 3854 1322 3892 —⁴
1342 3854 1360 3905 Α
1374 3853 1453 3907 omitt.
1464 3873 1520 3928 qum
1532 3855 1598 3908 inter
1610 3853 1713 3908 uncinos
1726 3853 1807 3907 iudu-

231 3947 302 4002 initio
322 3946 418 4000 numeri
438 3945 487 3998 hnc
507 3963 599 4017 nsque,
618 3945 701 3997 omnia
723 3943 814 3998 desunt
827 3945 854 3998 in
872 3943 981 4000 editione
1055 3945 1156 4000 duntur.

231 4285 327 4338 rentur
340 4274 375 4337 ab
388 4276 519 4348 invicem,
535 4275 690 4361 ligaverunt
704 4277 846 4339 columnas
865 4276 978 4350 mundi,
996 4299 1051 4339 non
1066 4278 1162 4362 utiquc
1179 4275 1284 4360 absque
1301 4275 1418 4338 fratrum
1430 4275 1537 4359 gemitu
1549 4284 1577 4336 et
1592 4273 1711 4357 ploratu.
1728 4273 1806 4334 Tunc

231 4378 321 4462 inquit
333 4378 435 4440 Paulus
447 4379 545 4442 Petro:
561 4379 635 4441 «Pax
649 4390 754 4452 mcum,
771 4379 984 4443 fundamentum
1005 4381 1183 4444 ecclesiarum
1205 4389 1233 4442 et
1251 4389 1345 4463 pastor
1360 4380 1452 4440 ovium
1473 4387 1501 4440 et
1519 4399 1656 4462 agnorum
1671 4375 1805 4438 Chrisu„

231 4482 328 4546 Petrus
348 4491 440 4544 nutem
455 4481 491 4544 acl
511 4482 650 4546 Paulum:
673 4483 782 4557 «Vade,
803 4484 907 4568 inquit,
928 4484 957 4546 in
976 4505 1058 4568 pace,
1078 4483 1242 4567 predicator
1260 4482 1413 4553 bonorum,
1435 4480 1569 4542 mediator
1588 4490 1616 4544 et
1634 4479 1692 4542 dux
1710 4478 1807 4542 salutis

233 4585 419 4670 «justorum»

274 4689 305 4752 V.
328 4689 400 4751 Cum
414 4698 507 4752 nutem
522 4689 696 4774 elongassent
707 4712 754 4752 eos
767 4688 804 4750 ab
819 4689 950 4761 invicem,
967 4699 1077 4752 secutus
1092 4711 1155 4752 sum
1178 4689 1343 4774 magistrum
1363 4709 1468 4750 meum.
1488 4687 1547 4750 Non
1569 4686 1689 4750 enimin
1708 4683 1806 4748 eodem

230 4792 289 4854 vico
302 4791 522 4856 occiderunteos.
532 4792 562 4856 ln
575 4793 643 4855 hora
655 4803 747 4856 autem
758 4792 766 4823 ¹
780 4793 826 4856 illa
839 4793 955 4856 tristitie
965 4794 1060 4879 plenu,
1070 4793 1155 4856 frater
1166 4794 1203 4854 mi
1218 4791 1329 4863 dilecto,
1343 4791 1450 4854 dicente
1461 4793 1587 4853 carnifioe
1601 4788 1637 4851 ad
1650 4787 1785 4851 Paulum'
1798 4811 1805 4848 :

232 4897 360 4958 «Collum
374 4897 478 4980 parali
495 4905 562 4958 tunc
572 4894 669 4960 beatus
684 4896 787 4960 Paulus
800 4898 923 4980 suspexit
935 4898 965 4958 in
976 4897 1091 4968 omium,
1106 4897 1234 4959 muniens
1246 4905 1342 4980 pectus
1354 4916 1437 4957 suum
1452 4895 1531 4978 signo
1546 4893 1635 4954 crucis
1649 4901 1677 4953 et
1691 4889 1805 4952 dicens:

233 4997 367 5059 altomine
387 4999 426 5060 mi
443 4997 510 5060 lesu
524 4999 645 5071 Christe,
667 5000 697 5060 in
713 5021 811 5062 manus
831 5007 893 5060 tuus
912 4999 1075 5061 commendo
1090 5000 1220 5084 spiritum
1240 5021 1364 5062 meum„
1385 4997 1420 5060 Et
1434 5007 1512 5066 tunc,
1533 4995 1639 5078 absque
1653 4993 1762 5056 tristitia
1779 5001 1807 5052 et

231 5101 447 5184 compulsionc³‚
461 5101 582 5164 extendit
593 5102 693 5164 collum
708 5112 736 5164 et
751 5103 872 5186 suscepit
886 5123 1015 5165 coronam
1026 5101 1045 5163 ⁴.

273 5202 318 5265 Vl.
342 5203 389 5265 Vn
401 5205 482 5276 milii,
499 5205 646 5290 qnoniam,
660 5206 744 5268 inilia
761 5207 842 5276 hora,
859 5206 976 5268 intuitus
986 5227 1048 5267 sum
1060 5227 1161 5290 corpus
1176 5213 1300 5266 sanctum
1316 5202 1451 5285 sanguine
1466 5201 1603 5263 innocenti
1613 5199 1805 5262 cruentatum!

270 5383 276 5412 ¹
298 5381 409 5435 loinitt.
424 5395 510 5436 cumn.
527 5387 587 5423 -—²
608 5385 641 5447 B,
656 5387 674 5440 C
689 5383 772 5438 l'oulo.
790 5417 819 5424 -
842 5388 849 5410 ³
871 5383 922 5437 ill*
938 5383 988 5438 156
1001 5387 1029 5443 ν’,
1043 5383 1088 5437 rol.
1109 5401 1130 5436 ν.
1151 5383 1208 5422 -—⁴
1230 5381 1317 5434 Glorioe
1332 5379 1400 5436 addit
1416 5383 1444 5434 G.
