4006 6098
529 603 731 672 SANCTUS
762 605 1024 674 GltEGOlllUS
1051 607 1430 674 rfltuntruaous
1695 610 1761 677 359

159 853 173 888 ⁰
884 847 1001 903 CAPUT
1024 848 1071 902 xl.

243 975 308 1058 Qui
327 975 405 1049 dicit
421 976 490 1048 sine
505 976 613 1048 anima
634 990 691 1048 aut
708 977 778 1051 sine
801 977 968 1052 intellectu
986 1007 1053 1052 esse
1072 1007 1188 1079 corpus
1209 979 1342 1064 Christi,
1359 993 1391 1052 et
1411 1007 1476 1052 non
1495 983 1668 1054 confitetur
1688 1009 1763 1054 eum

190 1097 369 1196 perfectum
387 1097 422 1169 in
440 1095 607 1182 omnihus,
629 1125 731 1170 unum
750 1113 782 1172 et
797 1099 980 1184 eumdeml,
996 1101 1078 1172 sicut
1094 1101 1248 1201 scriptum
1264 1113 1327 1186 est,
1346 1101 1516 1174 anathema
1534 1100 1590 1173 sit!

912 1342 1117 1394 uxrttcnrro.

241 1462 279 1534 Α.
309 1487 470 1534 unttuonuts
485 1489 716 1535 autumamus
732 1489 767 1535 ΕΤ
780 1489 905 1536 stitutus
923 1491 951 1536 ΙΝ
966 1490 1096 1536 QlllllBlJS
1111 1490 1189 1536 utclr
1207 1491 1237 1534 ΙΝ
1250 1491 1396 1536 autumo
1413 1491 1449 1536 lt!
1462 1470 1711 1536 tuctnnmontfi:

243 1618 414 1701 Quomodo
438 1619 563 1692 dicetur
586 1620 655 1693 sine
678 1621 787 1694 anima
809 1634 865 1694 aut
890 1622 959 1693 sine
986 1621 1153 1694 intellectu
1171 1621 1270 1694 fuisse
1292 1625 1431 1720 corpus³
1449 1621 1593 1694 Christi?
1609 1621 1765 1695 Turbatio

100 1804 102 1808 .
191 1741 330 1813 enimet
353 1741 482 1813 tristitia
504 1753 536 1813 et
555 1767 658 1840 angor
678 1755 754 1814 sunt
777 1768 883 1842 neque
900 1743 1006 1815 carnis
1024 1743 1131 1815 anima
1156 1743 1310 1826 carentis,
1330 1769 1437 1842 neque
1461 1742 1577 1814 animae
1600 1743 1765 1816 intellectu

191 1861 367 1946 destitutae,
394 1889 501 1962 neque
536 1861 750 1935 immutabilis
781 1862 973 1948 divinitatis,
1000 1889 1109 1964 nequc
1140 1862 1297 1934 indicium
1331 1863 1559 1962 apparentium
1585 1860 1764 1966 (tantum),

190 2007 298 2083 neque
316 1981 469 2056 humanae
488 1983 719 2058 imbecillitatis
734 1983 894 2070 defectum
914 1983 985 2069 sed,
1005 1997 1043 2058 ut
1063 1985 1250 2084 passionum
1272 1997 1456 2056 nostrerum
1479 1984 1514 2056 in
1538 1985 1644 2086 seipso
1662 1985 1766 2084 speci·

191 2129 266 2176 meu
280 2104 441 2204 accepisse
453 2105 637 2178 ostenderet
645 2105 804 2200 Verbum,
815 2105 1002 2206 passibilem
1014 2105 1048 2178 in
1064 2133 1097 2180 se
1108 2120 1257 2178 naturam
1268 2103 1423 2205 suscepit,
1436 2105 1519 2178 sicut
1529 2105 1683 2205 scriptum
1695 2119 1764 2178 est:

191 2224 404 2297 «Debilitates
423 2239 548 2298 nostras
569 2227 637 2326 ipse
652 2228 792 2327 portavit
806 2240 838 2300 et
857 2227 1063 2300 infirmitates
1080 2239 1205 2299 nostras
1222 2225 1290 2326 ipse
1308 2225 1441 2298 calist.»
1457 2225 1613 2298 Turbatio
1630 2225 1716 2298 enim
1734 2241 1766 2298 et

190 2345 319 2418 tristitia
342 2359 373 2419 ct
394 2362 593 2444 angorsunt
611 2348 728 2420 animae
743 2347 968 2446 egritudinem
994 2350 1085 2421 lahor
1106 2362 1231 2430 autem,
1254 2361 1288 2419 et
1309 2375 1458 2433 somnus,
1483 2347 1766 2421 transverberatio-

190 2493 314 2567 nesque
332 2469 475 2568 corporis
493 2482 569 2541 sunt
583 2469 788 2542 infirmitates
805 2471 921 2542 carnis.

243 2643 281 2717 B.
309 2643 481 2726 Quomodo
500 2645 626 2718 dicetur
648 2673 764 2747 corpus
783 2646 901 2719 Christi
924 2646 993 2718 sine
1016 2645 1124 2718 animo
1144 2660 1200 2718 aut
1224 2645 1292 2718 sine
1315 2644 1480 2718 intellectu
1502 2645 1593 2718 esse?
1609 2644 1764 2717 Turbatio

192 2775 224 2836 et
247 2791 366 2837 moeror
383 2778 415 2837 et
431 2765 561 2838 tristitia
576 2779 652 2838 sunt
668 2765 899 2866 nequecarnis
915 2766 1040 2852 anima,
1055 2793 1161 2869 neque
1177 2766 1292 2838 animae
1310 2765 1476 2839 intellectu
1492 2765 1644 2850 carentis,
1660 2792 1765 2865 neque

193 2883 326 2958 Deitatis
350 2886 578 2973 immutabilis,
609 2915 716 2987 neque
745 2887 903 2960 indicium
932 2887 1199 2988 phantasmatis⁵,
1225 2913 1332 2987 neque
1361 2887 1504 2960 delectus
1533 2901 1589 2959 urit
1616 2885 1765 2959 debilitas

191 3006 351 3093 humana3
370 3007 427 3080 sed
446 3008 609 3107 specimen
635 3007 824 3108 passionum
842 3021 1026 3079 nostrarum
1041 3008 1146 3106 ipsum
1160 3007 1302 3079 Verbum
1320 3007 1354 3078 in
1373 3034 1510 3107 persona
1528 3035 1587 3079 sua
1605 3019 1767 3079 monstra-

191 3127 250 3213 vit,
276 3128 433 3228 quoniam
455 3128 578 3227 accepit
603 3125 863 3227 passibilitatem,
883 3127 966 3198 sicut
987 3127 1236 3226 scriptumest:
1257 3127 1353 3226 slpse
1378 3128 1517 3225 portavit
1535 3127 1620 3228 (99)
1638 3115 1766 3200 dolores

192 3263 360 3333 «nostros,
377 3262 409 3320 et
423 3247 626 3320 infirmitates
642 3260 767 3319 nostras
785 3247 860 3320 tulit
869 3253 921 3318 ὓ.»
937 3247 1092 3319 Turbatio
1112 3259 1220 3318 autern
1237 3260 1270 3318 et
1286 3273 1404 3318 ruoeror
1422 3261 1454 3318 et
1472 3248 1599 3318 tristitia
1617 3261 1693 3318 sunt
1710 3249 1765 3319 in-

192 3368 360 3442 firmitates
377 3369 510 3453 animae,
528 3368 621 3442 labor
640 3380 748 3440 autem
768 3381 800 3440 et
817 3395 950 3440 somnus
966 3380 998 3440 et
1016 3365 1179 3439 transfixio
1200 3365 1343 3466 corporis
1365 3380 1441 3440 sunt
1463 3367 1604 3468 corporis
1624 3367 1763 3440 dolores.

882 3599 998 3654 CAPUT
1016 3599 1078 3654 xlt.

244 3711 310 3794 Qui
331 3711 410 3784 dicit
433 3711 587 3812 opinione
610 3711 788 3786 revelatum
816 3713 915 3784 fuisse
937 3712 1102 3784 Christum
1130 3713 1253 3785 mundo
1281 3725 1315 3785 et
1340 3737 1406 3783 non
1434 3709 1606 3784 confitetur
1630 3737 1703 3782 eum
1729 3709 1763 3782 iu

192 3859 287 3904 carne
304 3834 444 3918 venisse,
461 3834 633 3907 anathema
648 3834 706 3906 sit!

877 4039 1080 4092 EXPththo.

446 4159 483 4233 Α.
512 4185 780 4244 unmont1,1tttus
798 4187 890 4233 llhtllll
905 4185 1130 4244 rututtnrultut,
1150 4186 1281 4232 nuscum
1300 4185 1503 4240 NEOCESARBAE,

549 4280 754 4383 [EXCRRPTUH]
770 4309 808 4353 EX
825 4307 950 4353 110ssth
968 4309 1005 4353 DE
1022 4307 1232 4354 lnctttrtfflon‘n
1250 4307 1286 4351 ΕΤ
1304 4283 1405 4350 1²11>st

240 4440 413 4522 Quomodo
429 4440 547 4542 aliquis
565 4441 671 4514 dicere
685 4453 790 4540 potest
802 4466 860 4540 per
870 4439 1075 4540 phantasiam
1088 4439 1309 4512 manifestasse
1322 4465 1356 4510 se
1369 4435 1493 4509 mundo
1507 4436 1687 4521 Christum,
1703 4436 1764 4536 qui

190 4575 285 4634 natus
318 4563 422 4635 estin
447 4562 631 4646 Bethleem,
652 4561 710 4663 qui
733 4561 774 4633 ad
803 4561 1079 4634 circumcisionem
1102 4559 1206 4632 carnis
1236 4558 1418 4643 accessit‚a
1440 4558 1595 4630 Simeone
1616 4570 1762 4657 portatus

190 4695 252 4767 est,
265 4683 437 4757 duodecim
455 4683 550 4755 annis
566 4683 723 4756 educatus
743 4696 805 4768 est,
819 4682 930 4783 patri⁸
947 4709 1006 4755 suo
1024 4681 1187 4782 subjectus
1201 4680 1279 4767 tuit,
1295 4680 1331 4752 in
1343 4679 1483 4752 Jordane
1499 4679 1680 4779 baptizatus
1698 4691 1760 4763 est,

190 4805 276 4876 cruci
293 4805 404 4878 affixus
428 4805 505 4890 suit,
524 4833 544 4877 a
565 4805 701 4878 mortuis
728 4806 922 4878 resurrexit?
941 4804 1148 4904 Quapropter
1166 4803 1299 4902 quando
1318 4800 1436 4874 dicitur
1451 4801 1570 4872 sillum
1595 4799 1762 4872 turbatum

227 5017 235 5048 ¹
255 5015 299 5072 Gr.
311 5017 390 5072 ornitt
405 5019 467 5072 otoo
478 5019 595 5092 coaptum
604 5027 645 5072 cst.
657 5020 716 5060 -2
735 5017 796 5073 Vide
805 5035 862 5091 quae
872 5018 938 5072 lucu·
1013 5017 1090 5070 tionis.
1105 5047 1143 5058 ·-
1156 5019 1167 5050 ⁶
1178 5013 1234 5068 Inui.
1255 5032 1313 5077 crrr,
1335 5014 1360 5070 h.
1375 5043 1413 5094 -7
1423 5015 1432 5045 ⁷
1444 5013 1479 5066 Ex
1496 5011 1544 5065 hoc
1561 5011 1633 5066 titulo
1649 5011 1762 5085 sequitur

188 5107 269 5163 lenter
276 5109 373 5164 disserit
382 5111 485 5166 Allatius
498 5111 530 5166 de
547 5109 633 5166 titulo:
650 5113 716 5186 Περὶ
732 5111 884 5185 capadocus
896 5112 938 5164 act
1011 5111 1037 5164 in
1057 5108 1182 5164 codicibus
1198 5109 1284 5183 graecis
1303 5105 1469 5179 Capitulum
1487 5105 1517 5160 da
1535 5104 1592 5159 Fida
1611 5122 1662 5159 non
1682 5123 1761 5158 uuum

188 5201 412 5276 tammam,
427 5205 454 5258 in
466 5203 580 5258 Butrilo
591 5205 620 5259 dc
637 5201 877 5267 qumo-ol.
893 5203 936 5257 Gr.
1012 5210 1038 5258 et
1055 5201 1122 5257 idem
1140 5201 1214 5256 fuisse
1232 5207 1415 5274 argumentum.
1435 5199 1559 5253 Ceteram
1578 5197 1679 5254 consule
1695 5196 1762 5251 ttu-

189 5295 224 5361 Χ,
236 5295 282 5350 ool.
296 5297 464 5367 aaap-tsdo.
474 5301 531 5339 -³
550 5297 593 5352 Cr.
602 5299 704 5372 Raptor.
715 5297 828 5372 Xpradot
836 5295 938 5350 alfenus
1012 5296 1088 5358 tium,
1098 5293 1246 5348 Diutrr'bods
1259 5293 1398 5356 Moriar
1411 5291 1501 5346 ΡΜ.
1514 5292 1558 5347 Gr.
1573 5291 1608 5356 X,
1620 5291 1761 5364 colmano,

189 5396 217 5443 ut
236 5390 307 5444 lectio
321 5389 395 5444 rana.
406 5389 465 5430 -⁴
480 5387 537 5443 lsai.
559 5409 616 5453 crrr,
631 5391 656 5443 h.
666 5423 704 5431 -
717 5393 727 5424 ⁸
741 5388 804 5444 Cod.
821 5390 936 5444 homoo-
1016 5389 1094 5442 ¹230.
1110 5389 1172 5428 —⁸
1192 5388 1235 5442 Gr.
1247 5393 1298 5442 rats
1313 5393 1441 5455 γονεῦσιν.
