4006 6098
713 560 912 627 SANCTUS
939 559 1204 626 CYPRIANUS.
1675 559 1741 628 3l3

207 707 360 810 „Eapttctt
376 707 507 808 Epistola
524 707 617 780 eoacti
632 705 776 808 Cypriam
791 708 831 780 od
845 707 952 780 Ftilom
969 709 1142 809 episcopum.
1157 751 1208 764 -
1228 707 1370 780 Desinunt
1386 735 1452 808 quta
1469 707 1628 808 respiciant
1647 709 1743 780 oonsi-

176 830 250 904 lium
269 830 412 928 octoginta
432 847 461 902 ot
479 847 586 930 septem
606 828 804 930 apostopmum
822 830 952 903 hobitum
973 827 1161 928 Carthagini,
1182 829 1213 900 io
1232 828 1347 931 Africo,
1367 827 1467 902 dialect
1487 829 1581 900 ooaott'
1599 827 1745 929 Cypriani

175 949 339 1051 episcopia
355 950 506 1048 martyris.
523 949 598 1037 Ouo
614 950 730 1050 quidem
743 975 810 1022 com
826 975 909 1022 corso
918 950 1048 1050 scissent
1064 978 1079 1020 e
1095 951 1198 1048 lingua
1213 977 1336 1020 mroooo
1354 950 1384 1019 io
1398 977 1542 1048 prooem,
1566 975 1644 1020 nono
1659 975 1744 1020 oneo

175 1086 244 1142 suot
258 1097 275 1142 a
287 1097 389 1169 proco
399 1071 431 1142 in
442 1099 557 1169 cyrone
577 1099 654 1144 anno
669 1071 877 1170 nongintosimo
893 1071 1078 1169 amegasioo
1095 1087 1192 1142 octooo
1215 1069 1387 1142 Graecorum
1401 1069 1540 1172 (Christi
1560 1067 1662 1170 687).

933 1373 988 1444 lll

629 1565 680 1626 EX
700 1565 908 1627 TRACTATU
929 1563 982 1626 DC
1002 1562 1294 1627 ΕΒΕΕΜΟΒΥΝΛΙ.

230 1743 333 1816 Multa
351 1758 382 1817 et
400 1771 517 1842 magna
534 1757 625 1826 sunt,
644 1745 758 1817 lratrcs
771 1743 940 1829 carissimi,
954 1745 1112 1817 beneficia
1129 1743 1238 1817 divina
1252 1745 1370 1846 quihus
1386 1747 1419 1818 in
1445 1747 1582 1820 salutem
1603 1761 1745 1820 nostram

179 1864 239 1937 Dei
257 1864 376 1938 Christi
396 1865 500 1939 Patris
518 1865 604 1938 dives
623 1878 654 1938 ct
673 1866 797 1938 effusa²
814 1865 1033 1938 misericordia
1048 1878 1180 1966 operata
1204 1879 1252 1940 est
1269 1879 1302 1938 et
1322 1891 1449 1966 semper
1471 1881 1633 1967 operatur.
1653 1869 1747 1951 Oua-

139 2027 143 2036 ·
178 1999 311 2088 propter
327 2013 387 2059 nos
409 2012 596 2060 conservare
619 1999 650 2058 et
670 1985 827 2060 vivificare
846 1983 955 2060 volens
973 1986 1091 2060 Filium
1108 1986 1197 2058 misit
1217 1986 1313 2060 Pater
1330 2000 1367 2059 ut
1387 2013 1446 2058 nos
1467 2000 1649 2072 renovaret,
1668 1987 1747 2060 mis-

180 2133 300 2208 susque
317 2106 419 2180 Filius
441 2133 509 2180 csse
532 2119 564 2179 et
586 2107 673 2182 filius
694 2106 836 2180 hominis
853 2107 999 2207 quasivit
1018 2120 1055 2181 ut
1071 2133 1131 2179 nos
1149 2107 1210 2181 Dei
1227 2108 1311 2181 filios
1333 2108 1461 2182 laceret.
1481 2107 1672 2181 Humiliavit
1696 2135 1746 2192 se,

181 2240 218 2300 ut
239 2228 421 2300 mundum³
439 2227 549 2329 quise
569 2227 772 2326 elongaverat
795 2226 903 2301 denuo
928 2228 1124 2328 acquireret,
1144 2227 1330 2302 vulneratus
1352 2241 1415 2314 est,
1431 2241 1467 2301 ut
1483 2229 1617 2302 vulnera
1639 2243 1748 2301 nostra

183 2361 325 2433 sanarot;
342 2349 482 2433 servivit,
497 2361 533 2421 ut
547 2376 565 2421 a
579 2349 729 2422 servitute
743 2346 827 2450 (78)
841 2348 883 2422 ad
900 2349 1081 2422 libertatem
1099 2350 1271 2422 servientes
1289 2348 1483 2424 adduceret:
1499 2363 1635 2424 mortem
1654 2348 1750 2422 susti-

182 2469 270 2553 nuit,
284 2483 321 2542 ut
334 2469 610 2544 immortalitatem
628 2470 817 2544 mortalibus
834 2470 1027 2544 restitueret.

940 2759 987 2833 lV

677 2949 730 3010 EX
749 2948 945 3012 EPISTOLA
965 2948 1017 3010 An
1038 2945 1251 3024 Qurttrurv.

233 3109 353 3202 lteram
375 3130 409 3201 in
425 3101 561 3228 epistola
577 3151 636 3198 sua
652 3125 773 3198 Paulus
786 3128 950 3226 apostolus
966 3139 1058 3226 rogat
1071 3141 1102 3200 ct
1117 3127 1211 3198 docet
1226 3127 1344 3199 talibus
1361 3128 1464 3200 verbis
1479 3127 1550 3229 paci
1569 3141 1600 3200 et
1618 3157 1752 3203 concor-

183 3247 245 3320 diae
263 3275 399 3320 cavens:
424 3245 619 3346 «Propheta
637 3246 702 3318 duo
722 3259 778 3318 aut
799 3259 863 3318 tres
886 3246 1063 3346 loquantur
1080 3261 1112 3319 et
1128 3245 1235 3318 caeteri
1254 3245 1427 3345 explicent3
1446 3249 1473 3318 si
1494 3258 1603 3336 antem
1620 3249 1676 3320 alii
1697 3273 1751 3320 re-

185 3367 348 3440 evelatum
370 3367 468 3441 luerit
489 3366 631 3452 sedenti,
649 3366 739 3468 prior
763 3371 923 3438 taceam.»
940 3367 1002 3438 Per
1022 3367 1083 3439 hoc
1105 3367 1274 3439 manifeste
1298 3366 1407 3439 docuit
1430 3380 1461 3439 ct
1486 3366 1627 3441 ostendit
1650 3367 1752 3439 multa

184 3486 320 3585 singulis
338 3487 379 3559 ad
393 3485 596 3588 prestantius
612 3486 765 3572 revelari,
783 3495 831 3571 et,
850 3487 892 3559 ob
908 3486 969 3559 hoc
986 3513 1053 3559 non
1072 3487 1190 3560 debere
1207 3513 1476 3588 unumquemque
1494 3514 1620 3590 semper
1637 3499 1671 3560 et
1689 3514 1752 3559 una

186 3620 293 3680 mente
314 3635 373 3707 pro
391 3608 431 3679 iis
456 3633 528 3708 quae
551 3620 644 3679 antea
662 3608 703 3681 ab
727 3635 765 3680 co
787 3619 949 3710 acceptata
971 3608 1062 3680 luere
1083 3623 1119 3680 ut
1142 3607 1172 3680 ei
1195 3607 1370 3708 placentia,
1387 3601 1566 3693 decertare,
1586 3607 1643 3681 sed
1663 3605 1753 3710 quod

184 3729 388 3828 prestantius
403 3742 435 3802 ct
452 3727 554 3800 multo
575 3729 687 3802 utilius
702 3729 805 3802 visum
822 3729 919 3802 suerit
936 3730 1075 3802 suaviter
1089 3729 1241 3830 recipere.
1262 3728 1401 3813 Quando
1419 3729 1506 3801 enim
1528 3729 1750 3829 praestantiom

185 3847 279 3920 nobis
294 3848 487 3934 revelantur,
501 3874 567 3921 non
583 3849 742 3922 vincimur
751 3849 807 3922 sed
825 3849 1026 3932 instruimur,
1046 3849 1181 3922 maxime
1198 3849 1232 3922 in
1250 3849 1290 3922 iis
1307 3877 1380 3951 quae
1399 3848 1586 3923 conducunt
1605 3848 1751 3924 Ecclesia

187 3967 314 4040 unitati.

954 4199 982 4273 V

503 4391 680 4456 SEVERUS
700 4392 954 4456 PATRIARCHA
974 4393 1027 4454 DE
1048 4392 1200 4456 scituro
1221 4391 1432 4456 ortulano

239 4563 349 4656 Ouum
373 4571 459 4644 enim
485 4571 664 4672 Cyprianus
692 4585 883 4673 potestatem
908 4569 1111 4669 Carthagini,
1134 4572 1169 4643 in
1195 4572 1317 4654 Alrica,
1340 4586 1513 4658 exerceret,
1535 4585 1680 4645 coactum
1706 4585 1754 4645 cst

187 4693 358 4765 concilium
380 4693 524 4792 priorum
543 4691 784 4793 cpiscoporum,
805 4719 941 4765 numero
961 4693 1122 4790 octoginta
1140 4705 1279 4794 septem,
1297 4719 1436 4793 quorum
1455 4691 1588 4793 quidam
1607 4704 1752 4764 crantor

186 4811 309 4899 Alrica,
325 4811 458 4914 quidam
477 4837 513 4884 ex
531 4811 726 4886 Mauritania
744 4826 776 4886 et
792 4811 956 4886 Numidia.

226 5041 234 5072 ¹
253 5037 296 5094 Clr
316 5036 406 5095 Potrol.
427 5040 481 5095 Lot.
504 5041 545 5106 IV,
568 5039 614 5096 col.
635 5043 764 5097 dor-603.
789 5041 934 5095 lneeribitur
1007 5041 1034 5096 in
1053 5039 1160 5097 Aln'cao.
1178 5069 1215 5084 -·
1231 5043 1242 5076 2
1261 5041 1280 5096 C
1296 5041 1373 5116 effora
1386 5051 1409 5095 ot
1424 5039 1489 5095 diosa
1506 5041 1670 5095 misicordias
1688 5041 1751 5114 q'ot.

187 5127 371 5205 lmgmentumc
388 5133 487 5189 rSancti
502 5135 629 5209 Cypriani,
644 5133 751 5208 episcopi
765 5139 791 5189 ot
806 5135 934 5206 martyrio,
1007 5139 1067 5176 -·³
1085 5133 1246 5214 Cpopolum,
1260 5153 1336 5209 quam
1355 5131 1484 5189 lectionem
1501 5133 1613 5210 praebent
1634 5133 1693 5190 edit
1708 5135 1751 5190 lat.

190 5241 237 5279 sax
251 5231 354 5279 tractatu
375 5232 400 5279 et
416 5227 590 5281 commentario
606 5225 639 5282 dc
655 5209 847 5298 Eleemosynae
861 5225 889 5280 B.
905 5227 932 5280 S.
1007 5228 1060 5268 -⁸
1079 5227 1116 5280 Cl.
1129 5223 1280 5282 Petrossa.
1293 5225 1544 5290 111,ιι>1.ιιο8.-ι
1563 5225 1621 5282 lto
1629 5225 1751 5290 Coo-inti,

188 5317 248 5391 Cyp.
262 5318 324 5390 aqui
341 5324 415 5391 caput
428 5324 481 5373 erat
496 5319 608 5374 omniurn
621 5327 760 5380 macutum
775 5317 933 5373 ecclesiamm
1009 5339 1056 5384 ιιι,
1074 5339 1118 5391 ιιι.
