3990 6092
578 633 781 701 SANCTUS
811 634 1060 702 DIONYSIUS
1089 634 1377 703 AREOPAGlTA.
1696 638 1761 707 265

189 795 346 867 exaratas,
372 781 465 854 toties
488 796 618 856 catenas
640 784 769 858 subiere
788 784 981 886 vinculaque
1004 813 1022 857 a
1046 786 1165 858 ludaeis
1181 812 1339 887 perpesse
1354 788 1453 859 sunt?
1470 787 1531 862 Ubi
1546 815 1662 888 corpus
1681 788 1764 862 illud

188 919 333 977 sanctum
352 904 441 1005 quod
464 904 575 1006 plagas
600 919 632 978 et
649 920 809 980 tormenta
833 908 988 1008 pertulit?
1008 907 1070 981 Ubi
1093 935 1128 980 os
1153 909 1330 1010 eloquens¹
1354 924 1385 982 et
1407 909 1519 1009 lingua
1542 911 1686 986 diserta?
1701 911 1764 985 Ubi

188 1027 346 1126 sapientia
365 1026 538 1099 difflueos²
556 1040 588 1100 et
604 1027 809 1130 philosophia
827 1031 980 1102 summa?
998 1030 1061 1104 Ubi
1080 1031 1190 1103 anima
1207 1031 1276 1104 Deo
1292 1031 1411 1132 plena?

126 1233 129 1238 Ι
240 1148 291 1220 lv.
321 1149 434 1221 frater
454 1149 499 1220 mi
521 1149 705 1234 Timotheo,
738 1151 855 1223 festum
876 1179 1009 1249 agamus
1026 1152 1077 1224 illi
1099 1152 1255 1224 festorum
1278 1154 1447 1225 omnium³
1474 1153 1622 1238 zelatori,
1641 1155 1766 1228 sacrifi·

188 1270 339 1370 ciumque
358 1271 530 1342 offeramus
548 1269 611 1342 illis
627 1271 879 1372 acceptabilibus
896 1272 1040 1345 hostiles.
1064 1273 1243 1347 Memorare
1258 1273 1346 1346 illius
1363 1275 1421 1374 qui
1438 1289 1621 1348 sanctorum
1640 1304 1767 1350 memo·

188 1391 270 1463 riam
288 1391 375 1488 egit!
394 1391 476 1475 Quis
494 1419 560 1464 non
584 1392 677 1476 fleat,
701 1419 755 1465 eos
774 1393 831 1493 qui
848 1394 972 1467 bonore
990 1393 1081 1493 digni
1106 1407 1213 1478 eraut,
1238 1409 1275 1468 ut
1298 1395 1536 1482 malefactores,
1561 1397 1602 1469 ad
1627 1411 1764 1471 mortem

189 1513 323 1585 traditos
343 1513 509 1587 ridendo?
524 1513 552 1586 0
568 1515 667 1586 frater
683 1514 726 1584 mi
748 1515 934 1599 Timotheo,
952 1516 980 1588 si
1000 1515 1182 1589 mirabilem
1201 1517 1331 1589 illorum
1351 1522 1514 1616 agonem⁵
1529 1520 1765 1620 contemplatus

189 1659 289 1728 esses,
308 1634 389 1706 forte
412 1634 475 1706 vita
498 1633 683 1722 defecisses;
704 1663 791 1708 nuuc
809 1650 918 1709 auteur
943 1637 1049 1710 minor
1070 1651 1118 1710 est
1142 1638 1236 1712 dolor
1254 1651 1345 1724 tuus,
1373 1639 1450 1740 quia
1466 1637 1577 1742 (att)
1595 1667 1665 1724 eos,
1685 1640 1764 1713 dum

189 1754 380 1827 sententiam
399 1755 524 1854 passuri
546 1756 683 1841 exirent,
705 1783 771 1830 non
795 1757 913 1830 vidisti.
935 1759 1016 1842 Quis
1038 1760 1151 1832 boram
1177 1759 1291 1833 illam⁶
1308 1761 1522 1834 tristissimam
1542 1789 1609 1835 non
1629 1761 1762 1848 defleat,

189 1875 266 1948 dum
278 1875 390 1948 ambos
400 1877 522 1948 catenis
532 1878 685 1962 vinctos⁷,
696 1877 932 1952 homicidarum
944 1879 1055 1963 instar,
1067 1881 1182 1954 turbo⁸
1195 1881 1352 1955 immensa
1365 1895 1541 1983 premeret,
1554 1896 1590 1955 ut
1600 1894 1764 1983 spectacu-

188 1997 256 2070 lum
274 1998 392 2070 mirum
406 2011 440 2071 et
450 1997 613 2084 divinum,
628 2001 895 2101 venerandosque
912 2029 1005 2074 senes
1017 2003 1163 2075 aJudaeis
1178 2017 1210 2076 et
1225 2003 1412 2076 infidelibus
1426 2004 1601 2104 opprobrio
1618 2004 1763 2088 babitus,

188 2118 486 2218 contemplaretur?
504 2121 585 2205 Quis
604 2149 670 2193 non
689 2121 829 2195 defleat⁹
845 2121 960 2195 boram
978 2151 1044 2224 qua
1059 2124 1106 2224 pii
1123 2123 1169 2195 illi
1189 2123 1246 2196 riri
1264 2151 1299 2196 ex
1318 2152 1523 2226 quacumque
1541 2139 1632 2226 parte
1650 2125 1763 2224 plagas

188 2252 221 2312 ct
237 2254 331 2340 sputa
348 2256 554 2342 receperunt,
571 2243 717 2328 silentes,
736 2244 819 2318 sicut
833 2245 910 2343 agni
925 2246 1140 2318 innocentes?
1158 2246 1239 2329 Quis
1254 2273 1309 2319 eos
1325 2247 1433 2320 videre
1451 2247 1551 2347 possit
1568 2246 1629 2319 sibi
1648 2261 1762 2320 mutuo

188 2389 300 2462 pacem
322 2361 452 2446 dantes,
471 2363 567 2438 fletus
584 2365 669 2437 iuter
687 2366 833 2439 dolorem
850 2381 883 2439 et
903 2365 1087 2439 moestitiain
1101 2372 1125 2414 '⁰
1143 2367 1254 2469 [atque
1274 2368 1315 2441 ab
1334 2368 1469 2441 invicem
1488 2369 1674 2441 recedentes
1691 2370 1762 2440 sin-

187 2483 298 2583 gultus
313 2483 427 2585 inter],
442 2485 614 2586 lacrymas,
630 2501 847 2589 motuumque
862 2493 1071 2589 aspectum¹¹,
1090 2487 1237 2590 [fratrcs,
1251 2489 1414 2572 membra,
1431 2489 1636 2592 unanimesl,
1651 2490 1711 2563 iste
1727 2503 1763 2562 ut

88 2630 92 2638 ’
188 2606 228 2678 ad
255 2633 399 2690 crucem,
429 2606 485 2680 ille
510 2622 545 2680 ut
573 2608 614 2681 ad
644 2609 762 2682 caedcm
794 2612 870 2682 eat?
896 2609 976 2712 [Ubi
1001 2638 1056 2683 cor
1079 2610 1168 2711 quod
1188 2638 1254 2683 non
1280 2609 1454 2712 doleat]¹²,
1472 2639 1544 2684 curn
1564 2612 1677 2684 Simon
1690 2617 1715 2656 ¹³
1731 2625 1764 2684 et

189 2727 309 2800 Paulus
329 2728 390 2800 sibi
405 2729 541 2802 invicem
563 2730 699 2803 dicunt:
723 2732 836 2804 rVade
855 2733 889 2804 in
908 2759 1002 2832 pace,
1022 2733 1122 2806 frater
1139 2733 1183 2805 mi
1205 2731 1321 2815 Paule,
1340 2734 1440 2806 frater
1455 2760 1528 2806 vere
1547 2745 1579 2806 et
1594 2734 1762 2819 sineere3a

188 2848 301 2922 allude
319 2851 352 2922 in
368 2879 463 2952 pace,
480 2852 611 2936 Simon,
630 2853 777 2926 Ecclesiae
797 2853 932 2927 decus.»
947 2853 1055 2926 Mirati
1072 2869 1148 2927 sunt
1161 2854 1232 2927 ciali
1247 2854 1389 2955 desuper
1397 2860 1422 2900 ¹⁴
1440 2855 1559 2928 borum
1577 2868 1761 2928 sanctorum

187 2970 381 3044 abinvicem
401 2973 650 3071 sejunctionem,
676 2975 872 3074 tremuitque
892 2987 993 3060 terra,
1010 3003 1082 3074 quia
1098 2975 1228 3048 illorum
1250 2975 1419 3048 absorbuit
1435 2977 1638 3075 sauguinem.
1660 2976 1764 3050 Sanc-

224 3189 230 3218 ¹
252 3187 270 3239 ¹l
281 3187 360 3239 omitt
374 3185 492 3260 eloqueris.
503 3189 564 3228 -²
583 3186 694 3240 lornitt.
705 3185 747 3240 att
760 3187 877 3258 sapientia
889 3186 936 3258 daj-
1010 3197 1129 3260 gerentur
1150 3206 1235 3240 monos
1254 3207 1344 3241 mmor.
1358 3191 1420 3231 -⁸
1439 3190 1458 3242 A
1482 3189 1563 3243 omitt.
1581 3191 1703 3244 immersa.
1728 3222 1762 3230 —

178 3278 269 3351 uticam.
282 3283 340 3319 —³
359 3280 471 3332 domitt.
485 3279 596 3332 oronam.
612 3307 650 3319 —
666 3279 676 3313 ⁴
696 3278 824 3333 Meliorem
842 3279 882 3332 bic
896 3298 937 3332 ar·
1013 3282 1022 3312 ⁹
1044 3278 1251 3333 territtboram.
1261 3283 1325 3320 -¹⁹
1343 3282 1521 3336 lomim-¹¹
1542 3282 1724 3337 Bomio-¹¹
1742 3283 1761 3338 ll

186 3390 260 3425 mena
275 3371 353 3424 versio
369 3369 463 3444 praebet
476 3371 615 3425 lectionem.
629 3375 686 3411 -—⁵
707 3375 724 3425 ll
743 3371 823 3425 omitt.
841 3373 936 3425 illosum
1012 3372 1091 3426 omitt,
1103 3376 1167 3413 -¹³
1186 3371 1309 3426 APetmc.
1323 3405 1360 3414 -—
1373 3374 1392 3408 ¹l
1411 3377 1429 3429 t
1444 3375 1526 3429 omitt.
1540 3375 1648 3448 desuper.

187 3463 324 3518 rarrcba'fem.
335 3467 391 3504 -⁸
412 3466 429 3518 t
442 3465 523 3518 omitt.
538 3463 705 3518 tristissimum.
725 3498 755 3504 -
771 3467 780 3497 ⁷
801 3465 820 3519 Β
833 3465 891 3518 dum
907 3466 938 3518 fi-

186 3817 340 3878 eonsolator
355 3818 530 3900 pereuntium
540 3818 559 3889 ¹,
577 3817 664 3881 defuit
683 3818 762 3881 nobis
777 3830 805 3882 et
819 3819 935 3883 ulterius
953 3842 1010 3882 nou
1025 3821 1187 3883 invenietur.
1204 3821 1238 3883 Et
1254 3821 1422 3906 completum
1440 3831 1482 3884 ast
1501 3823 1530 3885 in
1552 3822 1632 3885 nobis
1646 3823 1760 3887 verbum

185 3917 273 3980 David
293 3919 434 3983 dimotis:
458 3921 633 3985 «Posuerunt
659 3923 803 3985 morticina
827 3945 970 3986 serrorum
989 3933 1103 3985 tuorum
1125 3946 1200 3988 escas
1223 3924 1379 3987 volatilibus
1398 3927 1507 3988 coeli³.n
1530 3926 1581 3988 Ubi
1603 3937 1645 3990 est
1666 3948 1763 3989 cursus

186 4023 263 4085 Pauli
279 4032 306 4086 et
325 4023 402 4086 labor
420 4033 577 4087 sanctorum
597 4024 702 4109 pedum
716 4025 795 4109 ejusf
809 4025 963 4088 Evaserant
984 4027 1057 4088 enim
1078 4026 1185 4088 ciircufa
1207 4037 1235 4090 et
1256 4050 1377 4090 carceres
1397 4039 1425 4092 et
1443 4029 1518 4114 ligno
1538 4029 1689 4115 constringi
1700 4029 1719 4102 ¹,
1734 4041 1763 4093 et

186 4135 287 4198 vectes,
298 4126 347 4190 sed
358 4125 427 4189 nec*
443 4149 542 4190 manus
556 4127 617 4212 ejus
626 4127 771 4190 industriae
782 4128 927 4190 trudentur
944 4129 1044 4192 amodo
1058 4129 1166 4214 alligari
1181 4130 1296 4194 vinculis
1313 4131 1416 4194 ferreis.
1433 4131 1484 4194 Ubi
1498 4142 1540 4195 est
1558 4155 1588 4194 os
1604 4133 1721 4217 loquens
1735 4143 1762 4196 et

184 4229 280 4314 lingua
289 4230 467 4314 competens⁵
480 4239 508 4292 et
522 4230 636 4314 spiritus
650 4231 831 4315 beneplacens
843 4231 900 4293 Deo
910 4254 960 4294 suo
969 4233 998 4292 ‘l
1094 4234 1095 4240 ’

228 4331 273 4394 lv.
296 4332 414 4395 Ofrotcr
424 4333 463 4395 mi
476 4333 632 4404 Tirnotbee,
647 4335 856 4397 solemnisemus
869 4355 920 4418 pro
932 4335 941 4365 ⁷
957 4357 990 4397 eo
1004 4335 1053 4420 qui
1065 4357 1119 4398 nou
1132 4346 1195 4421 eget
1208 4337 1340 4400 orationis
1350 4337 1510 4422 patrocinio.
1525 4338 1594 4410 Quis
1602 4360 1656 4401 uon
1673 4339 1761 4424 ploret

184 4444 212 4496 et
227 4435 327 4506 ululet,
343 4458 406 4496 narn
422 4437 470 4519 qui
485 4446 648 4498 meruerunt
658 4437 775 4520 gloriani
796 4445 825 4498 et
837 4435 970 4499 bonorem
986 4437 1076 4522 [apud
1089 4437 1177 4500 Deurn
1196 4447 1223 4501 et
1239 4439 1414 4525 bomines'],
1428 4451 1560 4525 tanquam
1573 4440 1761 4504 malefactores

66 4589 71 4598 .
186 4537 335 4601 truduntur
348 4538 383 4601 ad
396 4541 533 4600 mortem?
552 4537 575 4602 0
596 4539 681 4601 frater
692 4539 730 4600 mi
746 4539 903 4613 Timotbee,
917 4540 940 4602 si
960 4541 1075 4603 vidisses
1094 4563 1197 4626 agones
1216 4544 1462 4606 cousummationis
1484 4567 1595 4616 eorum,
1618 4544 1761 4608 defecisses

185 4663 243 4726 pre
259 4641 366 4704 tristitie
377 4651 410 4718 pt
424 4640 527 4704 dolore.
546 4642 684 4714 Quoniam
700 4651 793 4704 autem
811 4664 868 4704 non
888 4643 1052 4706 interfuisti⁸
1068 4644 1146 4706 facile
1164 4646 1216 4707 tibi
1235 4645 1344 4710 videtur
1363 4670 1433 4731 opus
1444 4647 1609 4732 passionis¹⁸
1624 4658 1652 4710 ct
1664 4647 1761 4732 ogonis

185 4765 291 4806 eornm.
310 4745 379 4816 Quis
397 4767 454 4807 non
474 4745 552 4807 fleret
568 4744 613 4806 illa
628 4744 696 4807 hora
711 4745 824 4829 quando
838 4755 1009 4831 preceptum
1022 4748 1162 4810 sententie
1174 4771 1317 4834 egressum
1331 4759 1372 4812 est
1390 4751 1418 4812 iu
1434 4773 1494 4822 eos,
1507 4752 1645 4814 utPetrus
1659 4751 1761 4815 scilicet

185 4848 392 4932 crucifigeretur
399 4858 426 4911 et
434 4848 535 4911 Paulus
542 4848 768 4911 decollaretur¹¹l
779 4848 898 4912 Vidisses
908 4851 1005 4935 utique
1015 4861 1082 4913 tuuc
1095 4851 1190 4914 turbas
1201 4852 1362 4915 ludaeorum
1372 4863 1400 4916 et
1410 4853 1556 4939 gentilium
1570 4854 1761 4917 multitudines

186 4952 367 5033 percutientes
378 4974 439 5024 eos,
455 4951 602 5014 illudentes
615 4951 669 5024 eis,
685 4963 835 5036 expuentes
852 4953 977 5015 inferire
994 4975 1104 5016 eorum.
1123 4955 1178 5039 Ipsi
1195 4978 1260 5018 uero
1279 4957 1421 5040 tranquilli
1438 4967 1466 5018 ct
1484 4958 1570 5041 quieti
1585 4957 1759 5030 exstiterunt,

185 5053 286 5114 sicut¹²
302 5056 367 5138 agni
379 5056 536 5118 innocentes
551 5065 578 5117 et
596 5055 743 5118 mansueti.
758 5054 925 5119 Adueniente
938 5069 1031 5120 autem
1048 5067 1172 5142 tempore
1187 5059 1431 5122 consummationis
1442 5081 1553 5132 eorum,
1568 5081 1632 5122 cum
1647 5083 1760 5145 separa-

224 5253 229 5282 ¹
252 5251 425 5323 chuperrou.
443 5256 500 5293 -’
522 5252 609 5306 f'sofm.
626 5271 727 5316 ussum,
745 5273 770 5306 a.
789 5256 850 5294 -³
872 5253 935 5308 BEt
1011 5257 1110 5328 quood...
1130 5257 1256 5328 suffragio.
1276 5260 1334 5297 --‹⁸
1355 5258 1386 5318 B,
1406 5259 1424 5312 C
1437 5256 1517 5312 omitt.
1537 5262 1596 5299 -'
1617 5261 1634 5314 Α
1655 5259 1759 5331 deficiati.
1789 5315 1793 5326 ,

185 5345 311 5418 compedes.
328 5347 385 5386 -l
404 5347 422 5398 t
438 5344 456 5398 Γ
475 5347 524 5400 155
539 5353 569 5404 v⁰,
583 5347 629 5400 col.
650 5365 721 5400 1.-
736 5349 744 5379 ⁵
766 5347 783 5401 al
797 5347 934 5411 anaidem
1011 5381 1046 5390 -
1058 5352 1076 5382 ¹⁰
1096 5351 1112 5404 A
1126 5353 1207 5403 omitt.
1220 5351 1410 5421 patefaciebat
1427 5353 1570 5406 certaminis.
1587 5383 1622 5395 --
1644 5355 1661 5388 ¹¹
1682 5353 1701 5407 B
1719 5352 1759 5406 de·

185 5459 275 5511 sonipes
284 5440 395 5511 placeam
407 5439 506 5492 rfrnar'no.
516 5443 574 5480 Δ
594 5441 703 5494 comitr.
716 5459 767 5494 ario.
784 5445 841 5481 -7
862 5443 934 5512 Apro
1011 5445 1165 5514 rapitantur.
1187 5443 1205 5496 C
1228 5445 1381 5500 ecridcrutur.
1398 5477 1432 5486 —-
1455 5449 1472 5479 ¹²
1492 5447 1509 5501 al
1529 5447 1549 5500 Γ
1565 5449 1615 5502 155
1632 5451 1663 5511 r',
1676 5448 1721 5502 col.
1735 5467 1759 5500 a.
