4006 6098
492 542 695 610 staurus
726 541 989 610 GREGODIUS
1019 539 1396 610 THsUnsrUnGus.
1660 541 1723 607 ast

160 691 269 776 sDao,
287 705 324 763 ut
340 691 400 762 sim
420 690 568 764 minister
584 719 643 790 per
664 692 774 764 lesum
790 691 953 765 Christum
968 692 1003 764 in
1021 690 1194 775 Gentibus,
1212 689 1414 762 sanctificans
1430 690 1633 787 evangelium
1651 691 1727 774 Dei,

162 827 223 885 aut
241 813 298 884 fiat
314 811 435 884 oblatio
449 811 603 885 Gentium
616 827 760 912 accepta,
776 827 808 885 et
818 813 1013 886 sanctificata
1023 813 1058 885 in
1069 813 1193 913 Spiritu
1210 812 1339 884 Sancto.
1356 811 1470 884 Habeo
1484 811 1582 910 igitur
1592 812 1729 910 gloriani

162 934 221 1005 ain
239 931 365 1004 Christo
388 931 464 1004 Jesu
490 930 531 1003 ad
553 931 675 1016 Deum3
695 959 760 1006 non
781 934 867 1006 enim
892 934 998 1006 audeo
1023 933 1147 1033 aliquid
1170 934 1261 1033 loqui
1278 959 1391 1004 eorum
1411 959 1483 1032 quae
1510 959 1569 1033 per
1590 959 1642 1005 me
1665 959 1731 1005 non

162 1053 293 1127 scilecit
310 1053 458 1125 Christus
476 1053 731 1126 inobedentiam
750 1055 917 1138 Gentium,
934 1056 1031 1127 verbo
1048 1067 1080 1126 et
1095 1055 1201 1138 lactis,
1217 1054 1250 1125 in
1263 1053 1379 1126 virtute
1391 1054 1557 1152 signorum
1576 1066 1609 1124 et
1621 1054 1733 1154 prodi-

162 1175 332 1272 sgiorum,
350 1173 384 1244 in
407 1173 523 1246 virtute
541 1173 680 1274 Spiritus
698 1175 809 1248 Sancti
821 1179 870 1246 Ι.»
893 1175 934 1246 Et
950 1175 1094 1246 iterum:
1115 1173 1281 1248 «Obsecro
1304 1187 1412 1248 autem
1429 1201 1497 1257 ros,
1517 1176 1631 1246 fratres
1648 1175 1729 1259 mai,

162 1322 246 1395 sper
260 1319 380 1366 nomen
399 1294 530 1366 Domini
547 1293 649 1366 nostri
662 1295 738 1366 lesu
755 1295 888 1379 Christi,
905 1308 937 1368 et
952 1322 1011 1395 per
1029 1295 1218 1368 charitatem
1235 1294 1407 1394 Spiritus².
1419 1326 1434 1362 a
1448 1294 1552 1394 Atque
1570 1295 1638 1366 haec
1656 1297 1732 1395 qui'·

162 1414 237 1488 dem
252 1415 367 1514 scripta
386 1428 461 1486 sunt
479 1415 512 1486 in
531 1415 667 1515 epistola
683 1415 724 1487 ad
742 1415 915 1488 Romanos.

214 1609 266 1680 lll.
295 1609 331 1681 ln
350 1607 484 1709 epistola
504 1623 611 1682 autern
626 1609 667 1681 ad
687 1611 871 1682 Corinthios
888 1637 1000 1682 rursus
1018 1609 1096 1681 dixit
1111 1607 1285 1712 (Pauluslt
1304 1610 1399 1682 «Non
1414 1611 1449 1682 in
1469 1609 1733 1710 persuasibilibus

165 1731 340 1802 «humanae
362 1728 528 1828 sapientie
549 1729 668 1815 verbis,
685 1731 741 1802 sed
764 1731 798 1803 in
827 1731 1010 1803 ostensione
1032 1731 1171 1830 Spiritus
1195 1731 1304 1803 Sancti
1328 1744 1360 1802 et
1387 1729 1420 1802 ia
1444 1731 1576 1814 virtute,
1596 1745 1632 1803 ut
1654 1731 1734 1803 fides

165 1863 298 1922 anostra
319 1876 386 1922 non
404 1847 488 1950 (88)
502 1851 541 1921 sit
556 1850 590 1921 in
611 1851 769 1952 sapientia
792 1851 978 1934 hominum,
998 1850 1055 1922 ssd
1071 1851 1105 1921 in
1121 1851 1236 1923 virtute
1259 1850 1320 1922 Dei
1330 1855 1381 1922 ³.»
1397 1851 1436 1922 Et
1458 1851 1577 1924 iterum
1594 1879 1601 1919 ε
1620 1851 1736 1924 «Sicut

165 1971 345 2070 ascriptum
363 1983 410 2042 est
430 2003 438 2044 :
456 1971 536 2054 Quas
555 1971 668 2043 oculus
689 1998 755 2043 non
770 1971 865 2056 vidit,
882 1985 913 2044 et
936 1971 1022 2043 auris
1039 1999 1103 2044 non
1122 1971 1258 2056 audivit,
1276 1985 1308 2044 et
1322 1970 1356 2043 in
1375 1971 1584 2044 corhominis
1603 2000 1669 2044 non
1687 2000 1737 2044 as-

165 2091 316 2176 scendit,
332 2119 405 2192 qua
429 2093 618 2192 praeparavit
637 2093 795 2164 Dominus
814 2092 1025 2189 diligentibus
1046 2119 1137 2176 eum;
1158 2091 1307 2165 revelavit
1329 2107 1437 2166 autem
1462 2094 1556 2165 nobis
1575 2094 1661 2165 Deus
1679 2119 1737 2193 per

166 2213 349 2313 «Spiritum
367 2239 474 2284 suum.
492 2213 632 2314 Spiritus
651 2226 759 2306 autem
778 2215 886 2285 omnia
904 2227 1076 2294 scrutatur,
1096 2212 1193 2285 etiam
1206 2213 1369 2315 profunda
1388 2213 1458 2286 Dei.
1473 2213 1553 2296 Quis
1572 2213 1659 2287 enim
1676 2213 1738 2286 ho-

168 2333 319 2404 rminum
335 2333 423 2406 novit
439 2361 512 2433 quas
533 2347 608 2406 sunt
625 2333 782 2418 hominis,
802 2335 864 2405 nisi
882 2334 1023 2434 Spiritus
1039 2333 1180 2406 hominis
1199 2335 1256 2434 qui
1277 2347 1324 2406 est
1341 2334 1483 2434 inipso?
1501 2335 1554 2407 Sic
1573 2361 1644 2434 quae
1662 2348 1738 2406 sunt

165 2454 250 2526 sDei
267 2481 362 2526 nemo
381 2455 469 2527 novit
485 2454 548 2527 nisi
565 2455 705 2556 Spiritus
725 2455 784 2528 Dei
793 2459 845 2529 hs
865 2455 905 2528 Et
919 2455 1037 2530 iterum
1053 2455 1120 2528 ait:
1142 2454 1321 2528 «animalis
1338 2455 1435 2528 homo
1454 2482 1520 2528 non
1538 2456 1653 2555 accipit
1665 2483 1737 2556 quae

166 2589 267 2646 nsunt
281 2574 421 2676 Spiritus
436 2577 496 2648 Dei
507 2581 531 2648 ⁵.
542 2608 569 2644 a.

216 2770 284 2842 Xll.
314 2770 409 2844 Vides
429 2771 517 2872 quod
541 2772 664 2871 ubique
682 2773 821 2872 Spiritus
842 2773 902 2846 Dei
920 2772 1167 2872 praedicatoria
1186 2771 1313 2844 Libris⁰
1329 2769 1497 2874 (divinis),
1515 2785 1547 2847 et
1569 2799 1739 2872 nunquam

166 2904 311 2964 creatura
327 2892 522 2964 nominetur.
541 2893 629 2974 Quid
643 2919 718 2966 vero
741 2893 849 2964 dicent
866 2893 959 2992 impii
976 2893 1069 2994 (cum
1085 2891 1242 2993 viderint)
1261 2920 1280 2964 a
1298 2893 1437 2966 Domino
1457 2894 1543 2966 mitti
1565 2893 1738 2993 discipulos

166 3010 209 3084 ad
230 3011 458 3113 baptizandum
478 3013 513 3084 in
539 3012 671 3086 nornine
694 3012 798 3084 Patria
821 3025 854 3085 et
873 3011 948 3085 Filii
971 3027 1003 3085 et
1027 3013 1169 3113 Spiritus
1191 3011 1325 3085 Sancti?
1341 3013 1413 3085 Non
1436 3027 1541 3111 potest
1563 3013 1740 3088 contradici

168 3133 247 3233 quin
269 3131 323 3204 hic
343 3132 503 3204 habeatur
520 3133 706 3204 communio
722 3144 755 3206 et
771 3133 893 3216 unitas,
911 3133 1064 3231 quoniam
1082 3159 1149 3206 non
1163 3145 1320 3214 sunttres
1335 3132 1535 3218 divinitates,
1551 3159 1659 3235 neque
1675 3135 1740 3207 Do-

167 3251 375 3337 minationes,
402 3279 508 3352 neque
535 3251 738 3336 sanctitates,
762 3252 835 3336 sed,
865 3252 967 3325 trihus
993 3253 1140 3352 personis
1167 3252 1269 3326 firmis
1294 3252 1517 3339 manentibus,
1541 3253 1634 3328 firme
1660 3253 1739 3326 unio

168 3374 266 3446 trium
284 3399 496 3472 personarum
514 3371 697 3446 confitenda
715 3385 784 3446 est:
801 3373 844 3445 sic
861 3372 948 3448 enim
966 3386 1039 3473 apte
1059 3372 1237 3449 creduntur
1251 3386 1283 3446 st
1300 3373 1430 3446 mittens
1445 3387 1478 3446 ct
1494 3374 1645 3457 missum,
1659 3399 1741 3474 quo-

170 3493 257 3568 niam
277 3493 373 3566 Pater
394 3493 481 3566 misit
499 3495 524 3566 F
526 3493 618 3566 ilium
642 3507 674 3567 ct
690 3493 790 3567 Filius
813 3494 913 3566 mittit
935 3493 1104 3595 Spiritum.
1130 3495 1201 3570 Una
1218 3507 1327 3568 autem
1352 3521 1490 3595 persona
1513 3495 1652 3595 seipsam
1673 3521 1740 3568 nan

170 3614 289 3686 mittit:
306 3639 371 3685 non
390 3613 476 3685 enim
494 3613 573 3686 dixit
587 3612 740 3717 (aliquis)
755 3614 883 3687 Patrem
899 3615 997 3688 luisse
1010 3616 1231 3702 incarnatum
1245 3615 1461 3688 consessiones
1476 3615 1563 3690 enim
1582 3615 1658 3688 fidei
1673 3642 1740 3690 nan

170 3747 367 3807 concurrunt
393 3761 466 3807 cum
496 3734 719 3808 haereticorum
748 3735 1204 3838 opinionibus'heterodoxis,
1222 3749 1349 3835 oportet
1373 3748 1482 3808 autem
1507 3749 1544 3807 ut
1567 3735 1683 3807 divinis
1710 3751 1742 3808 et

171 3856 353 3956 apostolicis
376 3856 528 3930 doctrinis
555 3855 741 3928 adhaeraaut
763 3871 880 3930 nostres
903 3857 1129 3955 cogitationes,
1150 3885 1256 3956 neque
1276 3857 1365 3929 vanis
1391 3858 1569 3958 phantasiis
1585 3856 1742 3929 violenter

172 3975 372 4048 abducamur
388 4005 406 4049 a
426 3977 533 4049 divina
552 3976 628 4048 fidei
646 3976 827 4050 doctrina⁷.
1681 3967 1682 3970 Ἴ

222 4172 305 4244 lllll.
333 4173 369 4244 Si
396 4186 505 4246 autem
531 4171 695 4246 dixerint:
718 4171 889 4254 Quomodo
914 4185 980 4245 tres
1008 4199 1155 4273 persona
1179 4186 1210 4246 et
1240 4199 1306 4245 una
1335 4172 1509 4246 divinitas?
1525 4217 1577 4230 —
1600 4172 1743 4245 Dicimus

171 4292 235 4366 illis
251 4307 313 4366 tres
329 4320 482 4393 personas
499 4319 583 4377 csse,
601 4292 677 4393 quia
696 4320 763 4366 una
778 4306 827 4366 ast
844 4292 977 4394 quidem
996 4294 1055 4365 Dei
1073 4293 1191 4377 Patris,
1207 4321 1275 4366 una
1289 4320 1363 4366 vero
1382 4293 1513 4367 Domini
1528 4295 1617 4379 Filii,
1630 4307 1663 4366 et
1677 4321 1742 4367 una

172 4413 312 4512 Spiritus
330 4414 457 4500 Sancti;
477 4441 576 4486 unam
595 4427 704 4486 autem
721 4440 789 4486 esse
808 4412 979 4498 deitatem,
998 4413 1031 4486 in
1048 4414 1345 4516 quantum-Patris,
1361 4413 1419 4514 qui
1434 4441 1519 4487 unus
1535 4428 1583 4488 ast
1599 4415 1706 4514 imago
1717 4421 1742 4502 ⁸,

173 4546 221 4606 est
233 4534 350 4619 Filius,
368 4535 403 4606 id
421 4546 485 4618 est,
500 4534 586 4606 Deus
604 4561 640 4606 ex
656 4534 739 4618 Deo,
755 4548 786 4607 et
803 4534 942 4635 Spiritus
961 4533 1109 4607 similiter
1126 4532 1302 4637 (Spiritus)
1318 4535 1377 4607 Dei
1394 4548 1539 4620 vocatum
1560 4548 1592 4608 et
1608 4535 1669 4608 hoc
1689 4563 1743 4608 na·

174 4655 331 4740 turalitor,
347 4653 525 4728 secundum
543 4654 730 4737 essentiam,
750 4682 815 4730 non
835 4669 944 4728 autem
962 4656 1140 4728 secundum
1158 4657 1419 4729 communionem
1438 4684 1512 4728 cum
1527 4655 1612 4744 Deo;
1631 4671 1663 4729 et
1678 4683 1743 4729 una

174 4789 222 4849 est
233 4776 411 4851 substantia
424 4776 605 4861 Trinitatis,
616 4777 705 4876 quod
722 4777 856 4878 quidem
874 4805 941 4850 non
960 4777 1058 4851 estin
1075 4777 1115 4850 iis
1130 4805 1201 4878 quaa
1218 4779 1300 4850 lacta
1315 4792 1405 4864 sunt;
1423 4805 1489 4850 non
1508 4778 1594 4852 enim
1612 4793 1660 4852 est
1677 4806 1744 4851 una

194 5049 197 5053 ·
212 5026 220 5058 ¹
238 5021 278 5078 dd
297 5023 394 5079 Bonan
416 5045 454 5089 ιι,
475 5027 572 5097 15-19.
594 5053 628 5068 -·
648 5028 659 5059 ¹
677 5023 737 5080 lbs'd·
761 5044 798 5087 xv.
820 5027 864 5080 30.
884 5057 923 5067 —
988 5024 1099 5098 fictiones
1113 5026 1266 5099 impassibiles
1282 5023 1437 5097 Domoefidei
1452 5013 1602 5099 &paratibus
1621 5026 1669 5079 aim
1682 5026 1744 5099 offa·

174 5119 184 5152 ³
204 5113 271 5170 ldd
288 5111 393 5172 Corinth.
416 5133 448 5179 rr,
468 5117 497 5180 lt,
514 5119 539 5172 5.
555 5117 620 5160 -·⁴
639 5115 698 5172 ttirt.
722 5137 755 5183 rr,
774 5137 805 5190 9,
825 5135 867 5172 ιο.
885 5149 923 5160 -
996 5130 1060 5172 rant.
1078 5121 1116 5173 Ου’
1132 5121 1174 5174 τὰς
1197 5123 1320 5192 ἡμετέρας
1339 5117 1472 5172 ἀδυνάτους
1493 5121 1629 5186 φαντασίας
1648 5121 1679 5172 τὰ
1700 5127 1744 5179 τῆς

176 5211 185 5240 ⁵
205 5205 264 5262 lln'd.
285 5227 318 5272 ιι,
339 5209 382 5262 alt.
395 5213 454 5252 —⁸
474 5211 517 5265 Gr.
533 5215 647 5283 Γραφιῑι.
662 5213 720 5252 -’
739 5211 839 5288 Graecus
857 5217 923 5265 tantu
998 5213 1076 5270 &slas
1093 5213 1205 5266 etatem
1223 5209 1349 5282 βιάζεσθαι
1371 5209 1491 5282 δόγματα.
1515 5245 1552 5253 -
1575 5215 1587 5246 ⁸
1609 5213 1652 5268 Gr.
1675 5207 1746 5266 Θεοῧ

175 5301 249 5374 paulo
262 5300 335 5356 aliter
354 5299 485 5356 vertendas
503 5301 605 5356 suimet:
618 5301 672 5355 Nan
691 5314 770 5356 autem
788 5314 816 5356 ιιι
837 5313 923 5359 matra
998 5305 1079 5357 stada.
1097 5303 1141 5358 Dei
1152 5305 1231 5376 mago
1243 5316 1276 5357 sat
1289 5303 1373 5358 Filios.
