4006 6098
500 545 505 552 ⁵
532 557 732 624 stttcttts
761 559 1007 624 DlONYSlUS
1037 558 1397 626 ALEXANDRINUS.
1681 559 1743 622 att

232 708 377 780 Surrexit
393 731 490 808 porro
513 704 658 778 Christus
679 706 720 778 de
741 706 906 806 sepulcro,
927 707 1023 779 etiam
1050 708 1217 804 obsignata
1236 720 1424 779 remanente
1447 722 1554 805 petra,
1573 705 1614 776 ad
1633 707 1750 776 ostium

181 828 396 901 monumenti.
426 825 547 898 «Venit
563 825 686 928 (enim)
706 828 813 910 lesus,
835 828 946 926 januis
974 828 1106 912 clausis,
1122 843 1153 900 et
1179 828 1266 901 stetit
1293 829 1326 899 in
1355 827 1461 898 medio
1489 840 1520 898 et
1539 826 1642 898 dixit:
1661 826 1750 897 sPax

182 949 351 1021 «nobishoc
375 947 415 1020 At
437 947 568 1047 quando
592 947 736 1046 Apostoli
753 947 903 1020 viderunt
926 976 1017 1030 enm,
1039 949 1216 1020 tremefacti
1239 962 1325 1024 sunt.
1350 947 1468 1018 Verum
1494 948 1561 1046 ipse
1580 947 1658 1018 dixit
1675 947 1748 1018 eis:

182 1069 310 1141 «Nolite
325 1069 493 1150 timere²,n
511 1080 543 1139 et
559 1068 751 1140 einsufflans
765 1068 800 1139 in
818 1096 913 1152 eos,n
932 1069 1011 1142 dixit
1026 1069 1092 1140 eis:
1112 1067 1277 1167 «Accipite
1290 1067 1444 1167 Spiritum
1457 1069 1668 1140 Sanctum³.c
1683 1067 1751 1140 Hoc

182 1204 277 1262 antea
294 1189 441 1290 praedixit
460 1187 587 1259 Nahum
610 1188 784 1287 propheta,
811 1189 920 1261 dicens
940 1221 948 1262 ι
974 1189 1136 1272 «Leuce,
1159 1188 1258 1270 luda,
1275 1188 1309 1258 in
1333 1188 1556 1262 festivitatibus
1576 1187 1654 1272 tuis,
1674 1187 1751 1286 quia

184 1311 335 1382 «transiit
352 1309 521 1382 insufflans
538 1309 571 1380 in
590 1309 704 1380 faciem
723 1313 868 1382 wamhs

235 1487 276 1560 ll.
302 1487 387 1559 lllud
411 1485 529 1558 taetitiae
553 1486 673 1568 foedus,
696 1500 945 1586 sanctorumque
969 1488 1156 1586 mysterium
1180 1487 1306 1558 dierum
1332 1500 1364 1558 et
1380 1487 1497 1557 festum
1521 1486 1752 1584 sempiternum

183 1608 217 1678 in
235 1606 329 1679 nobis
347 1605 549 1706 complentur
563 1605 752 1706 paenitentia
768 1619 800 1678 et
816 1607 947 1679 caritate
963 1608 1108 1691 condita,
1125 1635 1232 1707 neque
1254 1634 1399 1707 unquam
1420 1605 1617 1704 voluptatem
1639 1605 1755 1678 minuit

183 1728 398 1830 perpetuitas,
425 1727 579 1826 qnoniam
604 1726 879 1826 pulchritudinem
897 1728 1141 1800 resurrectionis
1167 1741 1294 1828 tempus
1316 1703 1538 1810 non'minnit,
1557 1752 1664 1826 neque
1681 1723 1756 1824 pul-

184 1848 376 1922 chritudinis
398 1849 587 1920 suavitatem
610 1874 804 1920 marcescere
822 1848 899 1920 lacit
924 1849 1136 1921 consuetudo.
1156 1848 1239 1932 sed,
1261 1846 1538 1948 quemadmodum
1561 1873 1688 1944 semper
1705 1845 1755 1916 vi-

184 1969 298 2042 dentes
324 1969 426 2042 solem
448 1969 536 2042 illius
564 1983 673 2042 tamen
702 1968 847 2070 quotidie
875 1969 1096 2042 desideramus
1120 1970 1241 2054 lucem,
1266 1969 1311 2040 ita
1336 1968 1450 2051 etiam,
1477 1966 1646 2039 dominicae
1672 1966 1754 2048 diei,

185 2117 283 2191 quam
296 2117 423 2190 semper
441 2089 610 2162 nobiscum
622 2089 798 2174 habemus,
816 2103 1003 2190 exoptamus
1019 2090 1242 2190 splendorem,
1258 2089 1335 2189 quia
1350 2089 1461 2185 regina
1480 2101 1528 2159 est
1540 2087 1596 2159 illa
1610 2086 1754 2169 dierum,

185 2211 212 2284 si
230 2211 360 2312 quidem
379 2212 414 2282 in
432 2211 565 2282 historia
592 2211 762 2283 creationis
778 2224 913 2310 apparet
933 2211 1038 2310 prima
1063 2225 1095 2284 ct
1118 2211 1152 2284 in
1178 2211 1291 2282 ordine
1317 2209 1446 2310 pietatis
1469 2209 1641 2310 precipua.
1664 2207 1756 2278 llanc

89 2363 93 2372 ·
185 2332 271 2405 diem
285 2333 354 2432 ipse
364 2333 451 2404 Deus
467 2332 622 2434 primam,
635 2346 668 2404 et
682 2333 860 2418 creatione,
875 2346 906 2405 et
922 2332 1154 2405 resurrectione
1174 2332 1349 2403 constituit.
1362 2331 1398 2401 ln
1411 2331 1472 2402 hac
1491 2329 1578 2400 enim
1594 2327 1663 2410 die,
1676 2341 1755 2400 tem-

184 2479 263 2553 pore
282 2453 467 2537 creationis,
487 2453 600 2524 dividit
616 2453 765 2525 tenebras
783 2480 801 2523 a
816 2452 904 2536 loce,
928 2466 976 2536 et,
995 2452 1175 2524 secundum
1197 2479 1305 2523 vocem
1322 2451 1431 2534 Pauli,
1457 2448 1578 2548 expulit
1599 2461 1754 2532 mortem,

185 2573 326 2646 lucidam
345 2600 404 2674 per
420 2573 630 2672 Evangelium
649 2573 791 2646 efficiens
808 2573 906 2646 vitam
921 2585 954 2645 et
967 2573 1254 2673 incorruptionem.
1274 2572 1309 2644 ln
1328 2573 1388 2643 hac
1404 2570 1574 2644 creationis
1588 2571 1641 2642 die
1659 2596 1756 2669 sepa-

184 2695 266 2784 rarit
282 2689 419 2766 lucema
436 2694 595 2778 tenebris,
613 2708 661 2780 et,
680 2695 713 2766 in
732 2695 976 2767 resurrectionis
989 2694 1059 2778 die,
1073 2693 1211 2793 sejunxit
1230 2692 1328 2764 fidem
1346 2693 1386 2764 ab
1403 2692 1610 2792 infidelitate,
1626 2704 1662 2762 nt
1679 2689 1757 2761 dixit

185 2815 351 2888 Salvator:
370 2816 480 2888 allum
498 2817 603 2889 lucem
622 2813 763 2899 habetis,
780 2816 900 2888 credite
915 2815 950 2886 in
968 2814 1090 2899 lucem,
1102 2829 1139 2888 ut
1154 2815 1213 2886 filii
1232 2813 1332 2914 (181)
1347 2813 1428 2885 lucis
1445 2813 1569 2886 sitista
1585 2811 1676 2884 Unde
1690 2838 1755 2882 non

185 2962 297 3008 snmus
317 2936 375 3008 [ilii
389 2937 517 3019 mertis,
534 2935 592 3008 sed
610 2935 668 3008 filii
681 2936 761 3006 lucis
780 2950 812 3008 et
829 2936 906 3007 diei.
1361 2921 1363 2928 ¹

237 3058 297 3129 Die
313 3083 377 3156 qua
395 3056 529 3129 surrexit
547 3055 692 3128 Christus
707 3055 812 3128 illuxit
827 3055 881 3128 lux
895 3055 929 3126 in
948 3081 1013 3154 qua
1028 3052 1202 3125 Salvatoris
1218 3064 1376 3124 tormenta
1393 3053 1532 3124 lructum
1548 3080 1644 3123 suum
1662 3050 1758 3123 dede-

186 3189 279 3264 runt3
297 3177 419 3249 fructus
437 3177 522 3248 enim
544 3189 779 3248 tormentorum
798 3189 874 3247 sunt
896 3173 1098 3246 resurrectio.
1115 3172 1206 3244 «Nisi
1227 3198 1365 3270 granum
1389 3171 1556 3256 frumenti,
1577 3172 1694 3243 cadens
1718 3173 1752 3244 in

187 3309 347 3379 «terram,
365 3310 529 3368 mortuum
554 3297 666 3380 luerit,
687 3297 792 3396 ipsum
818 3295 924 3368 solum
950 3308 1079 3380 manet;
1102 3294 1128 3366 si
1152 3307 1261 3366 autem
1289 3304 1453 3364 mortuum
1476 3293 1588 3377 luerit,
1618 3290 1757 3363 multum

188 3418 354 3491 alructum
370 3418 519 3490 affert⁶.n

239 3594 295 3667 lll.
326 3595 417 3667 Hanc
444 3622 518 3666 rere
546 3594 632 3667 diem
656 3595 880 3668 honorandam
902 3622 970 3668 esse
996 3607 1130 3694 propter
1157 3593 1330 3666 Salvatoris
1357 3605 1515 3664 tormenta
1540 3607 1572 3664 et
1598 3591 1757 3664 celebrem

188 3743 256 3788 esse
272 3729 399 3788 tantum
415 3716 457 3788 ob
471 3717 628 3788 honorem
652 3716 709 3817 qui
726 3716 916 3818 rependitur
940 3715 1124 3788 reverendis
1148 3714 1208 3802 Dei
1233 3713 1416 3797 tormentis,
1443 3726 1579 3785 testatur
1595 3711 1697 3784 David
1716 3712 1757 3785 de

188 3835 352 3909 Salvatore
364 3835 489 3908 dicens:
508 3836 644 3936 «LapiS,
657 3864 753 3937 quem
765 3837 1018 3937 reprobaverunt
1031 3836 1241 3920 aedfficames,
1255 3835 1357 3908 lactus
1369 3848 1415 3907 est
1430 3835 1464 3906 in
1479 3847 1574 3935 caput
1589 3834 1756 3932 angulil»

187 3957 263 4030 Hac
280 3957 448 4030 manileste
473 3955 626 4030 dicuntur
648 3959 688 4030 de
707 3959 877 4030 tormentis
894 3957 1028 4042 Christi,
1046 3985 1121 4029 nam
1140 3985 1237 4056 quem
1262 3956 1445 4057 reprobarit
1466 3955 1606 4056 populns
1624 3954 1757 4028 tudaeo-

187 4106 260 4151 rum
276 4079 449 4180 acceptavit
463 4079 621 4163 mundus;
645 4092 691 4162 et,
710 4078 985 4179 quemadmodum
1008 4078 1164 4176 angulum
1183 4077 1247 4149 duo
1273 4077 1433 4176 disjuncta
1458 4078 1643 4174 conjungit,
1659 4075 1703 4147 ita
1726 4089 1758 4148 et

186 4199 327 4300 populus
346 4199 405 4271 iste
428 4211 459 4271 et
475 4199 617 4300 populns
635 4227 670 4271 cx
695 4199 846 4297 gentibus
871 4199 1034 4297 conjuncti
1054 4212 1129 4270 sunt
1148 4198 1208 4270 sub
1232 4226 1298 4269 uno
1327 4197 1446 4297 capite,
1469 4197 1503 4268 id
1521 4211 1584 4280 est,
1601 4197 1634 4268 in
1654 4223 1757 4266 unum

188 4319 327 4419 coaptati
345 4333 436 4402 sunt,
458 4319 522 4392 fide
541 4318 593 4420 (in
608 4315 800 4420 Christum).
818 4319 901 4390 Hinc
917 4319 1091 4419 Apostolus
1107 4318 1184 4392 dicit
1201 4349 1208 4389 :
1229 4317 1400 4390 «Christus
1416 4331 1464 4390 est
1480 4345 1540 4418 pax
1556 4330 1681 4400 nostra,
1701 4315 1758 4416 qui

188 4439 287 4528 «lecit
299 4451 438 4539 utraque
451 4445 610 4511 nnum⁸.c
626 4439 677 4511 «Α
689 4440 827 4511 Domino
840 4439 960 4514 lactum
974 4453 1022 4512 est
1036 4439 1140 4523 istud,
1156 4452 1188 4511 et
1203 4452 1250 4510 est
1260 4438 1407 4511 mirabile
1422 4440 1456 4511 in
1470 4437 1570 4511 oculis
1584 4436 1756 4509 nostris⁹.n

187 4559 280 4633 Unde
304 4560 461 4660 extemplo
487 4560 613 4632 addidit
630 4557 858 4661 (Psalmistalz
881 4560 980 4632 allec
1004 4573 1050 4632 est
1068 4559 1136 4631 dies
1157 4587 1254 4660 quam
1278 4559 1354 4631 fecit
1371 4559 1556 4631 Dominus:
1579 4557 1757 4629 exultemus

189 4695 245 4753 aet
267 4681 412 4754 laetemur
431 4681 465 4752 in
484 4685 592 4754 ea¹⁰.n
610 4680 705 4754 Vides
726 4680 890 4780 quomodo
916 4681 1082 4754 tonnentis
1101 4680 1187 4752 diem
1205 4674 1372 4782 explicavit
1391 4693 1423 4753 et
1435 4679 1599 4780 quomodo
1614 4674 1757 4776 mysterii

188 4801 354 4901 explicatio
368 4802 454 4874 diem
468 4801 693 4875 manifestavit.

238 4977 291 5050 lV.
320 4978 432 5076 lgitur,
450 4977 567 5051 abhinc
584 5005 643 5051 nos
659 4979 717 5050 lilii
737 4979 818 5050 lucis
836 5006 947 5062 nimus
968 4991 998 5050 et
1017 4977 1277 5058 resurrectionis,
1292 4975 1446 5074 quoniam
1466 4975 1569 5045 illuxit
1587 4973 1680 5045 nohis
1699 4972 1757 5044 do-

225 5227 232 5257 ¹
251 5223 338 5280 loona.
351 5244 391 5290 xx,
407 5228 451 5281 ab.
465 5231 523 5268 -¹
542 5223 1244 5290 tecue,36.-³tomn.1x,22.-·ttatum,1‚
1261 5225 1301 5275 15.
1314 5255 1351 5263 —
1366 5226 1375 5255 ⁸
1392 5222 1477 5277 leena.
1491 5241 1540 5285 ιιι,
1555 5224 1599 5276 36.
1614 5225 1676 5262 -⁸
1696 5220 1757 5276 lbr'd.

188 5319 232 5371 ab.
245 5321 304 5359 -⁷
320 5317 408 5371 Psalm.
421 5337 496 5380 exart,
511 5339 554 5374 na.
565 5322 623 5360 -θ
638 5315 773 5389 AdEpltcr.
787 5337 819 5380 u,
839 5319 880 5371 rb.
894 5349 931 5358 -
947 5323 957 5351 ⁹
975 5317 1063 5372 Ptelea.
1079 5336 1153 5376 cxrrr,
1169 5319 1212 5370 23.
1228 5347 1265 5356 —-
1280 5318 1297 5348 ¹⁰
1312 5313 1372 5370 lbid.
1392 5317 1435 5369 ab.
