3982 6082
801 565 1157 640 Pnonseottsrtt.
1710 597 1765 644 xus

191 719 352 796 versiones
369 717 516 821 ejusdem
536 717 708 794 orientales
727 721 838 821 magni
855 720 1011 795 laciendae
1029 733 1116 796 sunt.
1134 719 1279 818 Integras
1297 734 1406 796 autem
1428 733 1551 796 exstars
1572 748 1677 808 nunc,
1698 721 1765 798 imo

190 869 338 945 unquam
356 841 527 928 exstitisse,
545 841 637 915 valde
655 841 794 915 dubium
809 857 872 929 est,
889 870 993 945 quum
1012 841 1047 915 in
1062 841 1265 916 collectaneis
1280 842 1410 942 syriacis
1432 857 1465 916 et
1488 843 1629 920 armenis
1651 843 1765 918 eadem

190 965 326 1040 omnino
343 964 525 1064 fragmenta
539 961 662 1066 ubique
674 964 890 1064 reperiantur.
909 965 1036 1040 Sclecta
1049 991 1148 1066 porro
1163 963 1221 1038 illa
1232 963 1320 1051 loca,
1338 963 1399 1040 etsi
1410 992 1516 1066 pauca
1527 965 1593 1040 sint
1610 991 1765 1052 numero,

190 1085 373 1188 spernenda
391 1099 501 1160 tamen
519 1111 586 1158 uon
598 1097 690 1172 sunt,
704 1111 806 1186 quum
817 1085 1011 1187 plerumque
1025 1085 1067 1158 ad
1082 1083 1247 1160 fulcienda
1262 1085 1413 1184 dogmata
1424 1100 1482 1161 aut
1496 1086 1766 1162 demonstrandas

188 1209 339 1284 veritates
355 1220 502 1308 excerpta
514 1207 679 1281 luerunt¹.

241 1329 319 1404 ttae
351 1325 485 1430 quidem
512 1327 601 1429 apud
626 1329 785 1403 Armenoc
813 1341 847 1403 et
871 1329 971 1429 Syros
995 1325 1100 1402 sancti
1130 1327 1246 1402 lrenaei
1269 1327 1400 1428 vrdgata
1431 1329 1628 1428 fragmenta,
1656 1329 1767 1431 quoad

188 1451 363 1526 maximam
383 1463 527 1551 partem,
540 1451 609 1551 jam
624 1450 711 1525 edita
727 1451 874 1536 luerent,
892 1450 958 1524 sive
976 1450 1018 1522 ab
1030 1449 1292 1526 Eminentissimo
1311 1449 1478 1526 Cardiuali
1496 1449 1585 1528 Pitrs
1604 1451 1639 1524 in
1656 1449 1767 1552 Spici·

189 1571 276 1672 legio
290 1571 496 1657 solesmensi,
507 1570 572 1646 sive
584 1571 763 1670 presertim
776 1598 796 1644 a
808 1571 970 1646 Guilelmo
979 1570 1097 1671 Wigau
1110 1571 1237 1672 Harvey
1249 1571 1291 1646 ad
1304 1570 1425 1646 calcem
1439 1571 1591 1648 editionis
1602 1571 1637 1646 S.
1650 1572 1765 1648 benaci

190 1720 342 1795 operum,
358 1719 459 1794 quam
477 1719 564 1768 anno
592 1693 686 1794 2857
711 1692 927 1792 cantabrigiae
944 1693 1128 1780 adornavit,
1151 1693 1239 1766 unde
1253 1693 1353 1767 etiam
1371 1693 1497 1792 anglice
1517 1693 1766 1795 prodieruntiu

190 1829 279 1890 tomo
296 1813 356 1902 lx,
378 1843 412 1915 p.
433 1814 618 1913 abd-187,
637 1815 774 1915 egregiae
790 1814 880 1888 illius
900 1814 1176 1890 autenicaenorum
1195 1815 1330 1888 Petrum
1348 1815 1556 1890 bibliothece
1578 1813 1767 1917 (leodem

191 1933 356 2037 Libros-y),
373 1963 462 2039 qua,
473 1935 569 2012 aunis
585 1936 730 2036 proxime
744 1935 880 2038 clapsis,
897 1936 938 2009 ab
953 1935 1134 2010 Alexandro
1152 1935 1288 2010 Roberts
1307 1950 1406 2038 atque
1419 1935 1541 2013 Iacobo
1558 1937 1765 2024 Doualdson,

191 2055 415 2156 Edimburgae,
432 2057 517 2158 typis
529 2057 565 2132 T.
585 2069 617 2132 ct
631 2057 669 2130 Τ.
686 2057 818 2143 Cladis,
836 2057 967 2157 vulgata
982 2056 1081 2131 luit2.

242 2179 409 2266 Attamen,
422 2205 525 2280 quum
537 2178 606 2254 bec
622 2178 819 2278 fragments,
837 2179 886 2252 vix
900 2205 919 2254 a
937 2177 1120 2254 christianae
1139 2176 1340 2279 antiquitatis
1357 2175 1468 2252 amicis
1485 2177 1610 2280 absque
1626 2176 1767 2254 difficul-

190 2311 256 2374 tate
271 2299 411 2374 coul'erri
426 2298 551 2401 possint
566 2300 709 2399 integra,
731 2299 810 2401 quie
827 2299 951 2402 ubique
965 2299 1111 2401 dispersa
1120 2300 1247 2398 jacent,
1264 2326 1301 2372 ea
1319 2299 1429 2374 omnia
1445 2299 1480 2374 iu
1497 2325 1601 2374 unum
1613 2299 1766 2397 colligere

189 2420 323 2523 placuit.
344 2421 480 2496 Codices
500 2419 608 2496 denuo
630 2419 736 2496 Musei
760 2418 937 2498 Britannici
959 2447 1071 2496 omnes
1093 2418 1306 2508 contulimus,
1329 2421 1396 2494 imo
1417 2447 1522 2496 unum
1547 2433 1604 2494 eut
1625 2420 1765 2496 alterum

190 2543 296 2645 prima
307 2543 391 2630 vice,
402 2555 500 2645 atque
512 2543 615 2618 varias
626 2543 797 2630 lectiones,
808 2557 930 2644 quanta
942 2543 1109 2645 potuimus
1120 2569 1215 2628 cure,
1226 2541 1413 2642 adjecimus.
1425 2543 1620 2642 Fragments
1632 2541 1764 2616 demum

190 2688 312 2765 pauco,
327 2691 401 2765 qus
413 2678 652 2740 antecessorum
667 2679 851 2740 nostrorum
866 2664 976 2739 oculos
990 2666 1187 2765 effugerant,
1202 2651 1380 2767 presertim
1392 2692 1430 2740 ex
1442 2663 1583 2740 amenis
1599 2663 1765 2741 codicibus

192 2785 400 2862 Bibliotheca
416 2785 556 2889 publica
571 2786 778 2873 parisiensis,
794 2786 1011 2862 excitavimus.
1768 2783 1771 2790 ’

953 3103 1001 3176 tx

241 3346 416 3420 Clementis
434 3345 641 3421 Alexandrini
655 3346 721 3420 duo
739 3347 920 3446 fragmenta
938 3359 1064 3420 tantum
1079 3345 1174 3419 nobis
1191 3359 1399 3420 servaverunt
1418 3348 1532 3447 syriaci
1558 3346 1763 3448 armenique,

189 3467 490 3569 quoscontulimus,
500 3467 637 3540 codices.
652 3467 722 3540 lmo
732 3495 769 3540 ea
784 3466 901 3539 nullibi
913 3467 948 3539 in
961 3466 1103 3541 editione
1113 3493 1216 3566 graeca
1233 3467 1383 3568 detegere
1400 3465 1493 3541 licuit
1511 3467 1598 3540 unde
1616 3480 1766 3567 suspecta

189 3588 306 3662 merito
323 3587 436 3663 haberi
453 3603 599 3692 possent,
618 3589 682 3662 nisi
698 3603 813 3662 notum
830 3603 913 3662 esset
931 3589 1034 3662 multa
1051 3589 1150 3690 hujus
1170 3589 1334 3691 scriptoris
1352 3617 1450 3690 opera
1465 3589 1564 3664 luisse
1583 3588 1764 3690 deperdita.

190 3709 318 3783 Interea
340 3709 594 3783 animadvertere
604 3710 698 3810 juvat
717 3710 757 3782 iis
774 3737 847 3811 quae
863 3709 1017 3810 leguntur
1038 3709 1084 3782 Dc
1101 3711 1287 3811 poeoiteotv'a,
1307 3739 1339 3812 p.
1360 3710 1432 3784 306
1457 3693 1609 3783 editionis
1631 3721 1766 3794 nostrae,

189 3843 311 3904 exstare
334 3858 428 3932 poene
450 3831 567 3904 similia
590 3831 676 3904 inter
697 3859 736 3904 ea
754 3858 827 3932 quae
846 3831 882 3904 S.
899 3831 1076 3932 Hippolyto
1101 3833 1253 3905 leruntur
1268 3832 1445 3934 adscripta,
1463 3831 1510 3904 Dc
1530 3859 1621 3903 cosso
1637 3829 1769 3902 uniuersi

189 3951 330 4024 αᾶυοτωε
347 3952 506 4025 Poenae.
529 3951 603 4055 (Clr
617 3952 817 4051 Potrologiaov
836 3981 981 4053 graecam
998 3952 1125 4054 Migne,
1141 3967 1165 4026 t.
1181 3953 1224 4040 X,
1250 3953 1310 4028 col.
1330 3982 1416 4056 797,
1437 3953 1526 4039 B-C,
1542 3966 1575 4026 et
1596 3965 1721 4027 tomum
1736 3949 1767 4023 ll

188 4073 307 4147 borum
323 4073 569 4160 Analectomm,
586 4102 619 4176 p.
634 4073 725 4176 269,
744 4083 774 4147 ol
787 4074 821 4147 tt
838 4073 940 4148 ἄδικοι
957 4106 989 4148 κ.
1000 4105 1030 4147 τ.
1043 4071 1094 4178 λ.)

968 4416 996 4489 Χ

240 4659 379 4731 Sanctus
397 4657 592 4760 Hippolytus
615 4657 726 4760 plures
744 4658 838 4732 nobis
855 4656 1073 4760 suppeditavit
1096 4657 1231 4760 paginas
1257 4657 1408 4762 l3⁶·7¹2
1433 4654 1617 4761 tot-337)
1630 4683 1768 4760 easque,

190 4779 299 4880 quoad
317 4779 490 4852 maximam
508 4793 652 4879 partem,
667 4780 816 4855 ineditas.
835 4779 922 4863 Quas
937 4780 1058 4879 syriace
1078 4793 1203 4854 tantum
1221 4781 1407 4882 vulgaverat
1426 4780 1548 4854 Paulus
1566 4781 1606 4855 dc
1621 4779 1769 4878 Lagarde

226 5069 234 5101 ¹
254 5065 299 5122 Clr
315 5066 449 5142 llbsinger,
460 5065 567 5122 lloocm.
584 5086 636 5140 syr.
651 5068 690 5133 ll,
705 5087 732 5143 p.
750 5087 827 5124 voss
845 5068 941 5144 prelst.
1016 5067 1094 5144 periri
1105 5070 1201 5145 anglice
1211 5087 1308 5136 versos,
1322 5087 1408 5125 verum
1423 5069 1507 5144 eliqua
1521 5075 1616 5126 exstem
1627 5087 1684 5144 que
1695 5068 1770 5123 elin-

225 5163 236 5194 ¹
254 5159 358 5216 llorere
373 5159 448 5215 etiam
462 5159 544 5236 placet
555 5159 582 5216 iu
595 5161 684 5236 viginti
697 5161 795 5216 duob·
808 5163 943 5217 volumini·
1016 5181 1066 5237 gua
1077 5164 1169 5236 syriaca
1182 5165 1298 5218 translata
1310 5170 1376 5217 sunt.
1391 5163 1421 5218 lt.
1438 5163 1471 5218 ll.
1484 5163 1589 5238 Covvper
1603 5162 1675 5237 plura
1692 5161 1769 5216 etiam

187 5253 236 5308 bus
258 5251 351 5328 quibus
369 5260 465 5308 wmtet
486 5253 551 5309 dicta
567 5252 771 5330 lldimburgensis
788 5254 942 5312 bibliotheca
1017 5255 1111 5331 publici
1119 5256 1186 5329 juris
1199 5255 1258 5311 lecit
1268 5256 1296 5310 in
1313 5273 1388 5330 opero
1400 5257 1440 5312 cui
1454 5256 1558 5312 titulus:
1572 5255 1660 5330 Syriae
1673 5251 1769 5310 uocet

188 5345 342 5420 (term
355 5345 613 5421 librorylnousolum
621 5348 793 5406 latenioeuos
805 5349 942 5406 Patvcsrc·
1019 5349 1238 5415 lcoioedmndini,
1254 5351 1335 5406 vste.
