3990 6092
298 531 364 598 306
648 527 821 594 PATRUM
849 525 1248 594 ANTENICAENORUM
1275 525 1513 592 tertuum.

297 678 451 753 violenter
469 677 701 777 percutientur,
721 677 870 775 forasque
888 675 980 774 ejecti
998 674 1088 746 duris
1100 673 1223 776 (ligati)
1240 672 1325 774 (36)
1343 674 1477 746 vinculis
1496 701 1514 744 a
1533 673 1645 773 spiritu
1666 672 1880 744 deducentur

299 799 462 896 inignem
480 809 647 868 aeternum.
665 796 702 866 ln
722 810 893 870 canumet
912 796 1105 868 sinesructu
1129 795 1247 867 multos
1270 809 1347 866 tunc
1368 793 1549 895 poenitebit.
1571 793 1729 866 Conviciis
1756 807 1880 891 petent
1958 801 1959 806 ’

296 920 492 1018 nomineque
513 917 645 1017 proprio
664 917 826 988 daemones
845 916 1006 989 vocabunt
1022 917 1273 1000 fornicatricem,
1290 915 1480 998 occisorem,
1498 913 1699 997 adulterum,
1718 941 1877 994 armum,
1958 881 1959 932 i

294 1040 465 1140 cupidum,
482 1051 654 1138 raptorem.
675 1037 740 1118 Oui
759 1064 831 1108 vero
855 1037 970 1134 dignos
991 1037 1186 1138 poenitentiae
1212 1036 1335 1108 fructus
1358 1035 1497 1135 egerint,
1520 1035 1593 1106 illos
1618 1035 1724 1132 angeli
1747 1033 1876 1105 sinistri

293 1160 416 1243 lateris,
436 1185 542 1258 neque
558 1157 699 1257 aspicere
722 1158 756 1228 in
783 1157 880 1242 secie,
899 1184 1006 1256 neque
1026 1171 1173 1254 tangere,
1201 1183 1306 1256 neque
1330 1156 1590 1257 appropinquare
1616 1155 1780 1228 valebunt.
1803 1153 1876 1225 Hos

264 1266 268 1277 ¹
293 1293 400 1353 autem
418 1275 601 1350 laudabunt
618 1291 716 1376 atque
739 1277 976 1377 amplectentur
990 1278 1098 1374 angeli
1115 1276 1215 1349 dextri
1238 1276 1364 1360 lateris,
1383 1303 1509 1348 summo
1525 1274 1645 1374 gaudio
1662 1274 1735 1347 illos
1750 1301 1873 1375 prose·

293 1414 445 1501 quentes,
460 1397 556 1481 coelo,
572 1412 669 1497 atque
687 1410 762 1469 ante
777 1398 885 1469 omnia
900 1397 960 1497 ipsi
974 1396 1129 1470 Sal-vntori
1147 1399 1267 1497 gratias
1282 1410 1424 1496 agentes.

1046 1869 1107 1958 IX

783 2109 1005 2185 sanctus
1039 2109 1366 2183 HIPPOLYTUS.

1056 2553 1096 2637 ,ο

398 2785 554 2853 sanum
581 2783 822 2852 HIPPOLYTI
850 2783 950 2864 QUAE
977 2782 1237 2850 SUPERSUNT
1264 2781 1452 2850 strettun
1478 2782 1756 2850 FRAGMENTA.

1071 3033 1085 3102 l

584 3223 634 3284 Ex
663 3221 956 3285 commentatio
982 3223 1021 3282 ut
1047 3221 1252 3284 CANTICUM
1276 3221 1535 3284 CANTIGORUM
1547 3219 1565 3282 ¹.

341 3405 415 3476 Haec
434 3417 577 3476 aromate
596 3430 669 3476 cum
690 3401 901 3475 desiderasset
916 3402 1051 3504 loseph,
1071 3403 1271 3475 consiliarius
1286 3403 1345 3476 Dei
1361 3403 1474 3484 erasit3
1486 3400 1645 3472 bisetiam
1658 3399 1856 3470 aromatibus

223 3555 226 3564 ·
289 3525 419 3595 inuncta
437 3523 540 3596 Maria
557 3525 591 3596 in
607 3538 699 3596 utero
712 3522 854 3595 Verbum
872 3525 1027 3623 concepit.
1051 3520 1079 3596 0
1097 3549 1179 3594 nova
1195 3517 1365 3620 mysterii!
1385 3521 1415 3594 Ο
1432 3521 1547 3595 veritus
1567 3521 1690 3593 noviter
1706 3520 1859 3592 manifes-

289 3645 371 3714 tata!
391 3643 419 3715 0
440 3644 616 3715 oeconomia
635 3645 734 3714 nora!
755 3641 783 3714 Ο
799 3640 885 3745 (37)
902 3669 1018 3740 magna
1038 3655 1070 3714 et
1082 3642 1257 3714 ineffabilia
1274 3643 1467 3740 mysteria²t

339 3788 381 3847 rr,
408 3765 463 3836 15.
493 3764 602 3834 «Fons
631 3762 843 3846 hortorum»,
865 3764 985 3835 scilicet
1014 3761 1121 3865 (fons)
1140 3763 1197 3862 qui
1218 3759 1403 3862 paradisum
1425 3761 1625 3864 spiritualem
1647 3759 1795 3833 Ecclesiae
1816 3761 1858 3833 ir-

287 3883 386 3982 rigat,
410 3882 514 3956 verbis
536 3910 608 3983 quae
630 3882 810 3956 scaturiunt
832 3883 872 3955 de
896 3911 950 3956 ore
972 3883 1076 3968 illius,
1101 3911 1158 3956 seu
1182 3883 1247 3956 ede
1268 3889 1390 3983 puteo³
1408 3911 1568 3984 aquarum
1590 3881 1858 3982 viventiumque

191 4043 198 4056 ·
288 4005 420 4078 sssuunt
437 4005 561 4104 impetu
578 4003 618 4076 de
636 4003 817 4077 Libeno⁴n
832 4003 953 4076 Puteus
971 4031 1130 4104 aquarum
1147 4005 1320 4077 virentium
1338 4017 1386 4076 est
1408 4005 1572 4087 Christus,
1591 4015 1624 4075 et
1640 4003 1787 4074 similiter
1809 4002 1857 4072 illi

287 4126 469 4225 omnesqui
487 4125 521 4199 in
536 4153 611 4199 eum
628 4124 774 4197 credunt.

324 4356 332 4388 ¹
351 4354 407 4409 lam
421 4355 491 4428 prelo
504 4354 619 4410 insudate
634 4361 706 4410 eruut
717 4353 855 4428 fragmenta
870 4353 1035 4409 ὒοωιηεηωήί
1109 4355 1147 4409 vir
1158 4357 1309 4424 φιλόπονος,
1327 4353 1354 4410 iu
1370 4355 1513 4428 praefatione
1526 4355 1691 4430 quesivimus
1709 4356 1773 4396 —‘
1792 4353 1857 4418 Qua

285 4445 443 4500 inGuots'eum
452 4445 615 4510 Ceusticorum,
625 4467 682 4521 quae
691 4447 732 4501 hic
742 4446 835 4520 publici
843 4447 1033 4520 jurissacimus,
1108 4447 1264 4522 praecedunt,
1279 4467 1386 4522 quaeque
1402 4449 1428 4503 S.
1443 4447 1575 4524 Hippolyto
1588 4447 1739 4510 tribuuntur,
1758 4455 1811 4500 turn
1829 4447 1857 4500 in

286 4557 344 4592 cum
356 4537 389 4594 ud
400 4557 490 4594 manus
502 4547 596 4594 nostras
607 4541 719 4614 pervenit
732 4539 938 4595 Monumsntonsm
951 4543 1032 4612 syriu-
1107 4541 1156 4596 boc
1169 4540 1252 4596 codice
1267 4542 1300 4604 A,
1318 4549 1371 4594 turn
1392 4541 1418 4594 iu
1435 4539 1490 4595 aliis
1508 4539 1633 4596 codicibus
1651 4540 1737 4596 Musei
1754 4539 1858 4594 Britan-

287 4650 382 4696 ccm,
401 4631 496 4685 domiui
514 4631 647 4706 Misingen
666 4639 725 4688 tom.
744 4634 779 4696 ll,
798 4633 892 4706 inquo
911 4651 1034 4688 commen·
1109 4634 1172 4697 uici,
1189 4642 1218 4688 ut
1229 4633 1353 4690 ridebitur
1369 4633 1447 4697 infra,
1462 4634 1552 4688 desunt
1565 4635 1592 4688 iu
1609 4632 1691 4688 codice
1704 4634 1737 4696 B,
1755 4651 1798 4688 seu
1817 4651 1858 4688 co·

284 4724 376 4779 tarium
395 4731 489 4799 prostat
510 4727 676 4798 integrum·
693 4725 783 4800 pagina
801 4744 817 4798 9
834 4723 867 4779 ad
882 4745 938 4798 pag.
955 4727 1032 4788 tm
1108 4726 1163 4781 dire
1183 4725 1308 4781 Vaticano.
1322 4726 1443 4781 Videntur
1461 4726 1571 4800 primum
1592 4725 1618 4780 iu
1642 4728 1755 4800 margine
1776 4727 1856 4799 positu

283 4817 366 4872 codice
381 4816 489 4891 quodam
502 4818 628 4872 Vaticano.
641 4818 677 4872 Ex
693 4818 850 4892 inscriptione
865 4817 953 4872 initiali
964 4817 1029 4874 stfi·
1104 4817 1192 4881 tuisse,
1207 4819 1272 4874 unde
1282 4819 1388 4893 scriptor
1401 4819 1491 4874 codicis
1508 4819 1527 4873 Α
1547 4837 1576 4875 es
1590 4820 1617 4873 iu
1633 4826 1727 4873 textum
1743 4818 1856 4882 induxit,

282 4909 333 4964 nuli
342 4909 440 4965 ridetur
451 4911 498 4966 hoc
512 4911 717 4966 commentarium
729 4911 893 4984 compositum
908 4909 981 4966 fuisse
998 4930 1029 4965 oa
1104 4919 1133 4966 ut
1143 4912 1237 4986 pluries
1250 4913 1363 4968 similiter
1374 4913 1453 4987 egisse
1468 4920 1561 4967 mustut
1573 4931 1602 4968 ex
1613 4911 1785 4985 discrupsutiis
1796 4929 1856 4985 quse

282 5003 352 5058 sciro
366 5004 474 5080 quodum
490 5007 632 5074 φιλοπόνῳ,
647 5022 693 5078 ope
707 5004 942 5058 commentariorum
957 5022 971 5057 s
986 5003 1028 5058 di·
1102 5005 1170 5061 iutsr
1193 5012 1328 5079 utrumque
1344 5004 1454 5062 codicem
1476 5007 1504 5062 iu
1523 5006 1588 5062 uotis
1613 5003 1787 5060 iudicabimus
1814 5037 1854 5046 —

281 5096 362 5151 sriuis
374 5097 514 5153 doctoribus
528 5099 672 5154 relictorum
687 5097 714 5152 in
730 5097 830 5154 Cantica
843 5096 1027 5151 Canticorum.o
1102 5097 1213 5153 ³Codex
1237 5099 1255 5152 t
1276 5098 1337 5170 legit
1351 5099 1477 5170 fructibus
1497 5099 1552 5153 loco
1571 5109 1658 5174 puteo,
1684 5096 1728 5154 sed
1748 5097 1796 5153 boc
1816 5107 1854 5152 est

280 5187 309 5240 Iu
326 5189 390 5244 uotis
406 5189 515 5245 codicem
534 5198 646 5246 nostmrn
661 5189 800 5245 indicemus
813 5207 859 5265 per
871 5190 978 5244 litterum
994 5193 1025 5254 t,
1102 5191 1248 5246 manifestus
1262 5209 1338 5245 error.
1353 5193 1411 5232 —t
1430 5191 1541 5246 Codextt
1558 5191 1588 5245 ds
1602 5192 1672 5246 thoos
1690 5191 1744 5246 ioco
1761 5190 1791 5244 ds
1809 5189 1854 5244 ιι·-

279 5278 387 5334 oodicem
401 5299 459 5334 sero
475 5283 618 5337 Vaticanum
633 5303 678 5357 per
692 5285 798 5338 litteram
817 5285 844 5340 B.
859 5283 921 5347 Quis
935 5285 967 5338 sit
983 5284 1026 5339 ius
1100 5284 1167 5338 boso.
