3982 6082
242 577 268 618 -u
906 550 1175 619 PROOEMIUM.

248 703 383 781 aliectae
405 701 603 781 valetudini
613 728 790 810 parcens,
811 705 920 780 etiam
943 703 1039 781 inter
1062 699 1264 780 academica
1283 701 1535 795 διδασκαλεῖα,
1549 715 1605 783 ter
1618 718 1822 816 quaterque

248 861 348 912 mare
369 861 554 924 emensus,
578 833 780 911 cimmerias
802 833 956 911 Londini
986 831 1137 912 nebulas
1161 835 1374 941 penetravit.
1397 833 1485 913 lnde
1510 845 1627 914 totum
1649 837 1821 917 volumen

247 964 347 1071 quod
366 965 430 1043 tibi
449 975 598 1073 prostat.

318 1095 463 1173 Utinam
483 1097 632 1204 insuper
647 1094 840 1174 Clementis
857 1095 1010 1174 Romani
1024 1095 1205 1202 Syriacam
1226 1095 1412 1204 epistolam
1435 1099 1471 1175 in
1490 1097 1679 1206 propylaeis
1696 1101 1821 1178 sistere

243 1227 417 1333 potuerit,
442 1228 656 1334 priusquam
679 1225 841 1304 socordia
860 1237 1067 1305 nostrorum
1088 1225 1198 1304 codex
1213 1223 1418 1306 Mohlianus
1438 1228 1484 1306 ad
1504 1228 1817 1337 Cantabrigienses

245 1337 420 1434 elolaretl
442 1355 577 1435 Solatio
596 1357 666 1434 luit
681 1358 858 1436 invenisse
876 1367 1020 1462 paratos
1040 1356 1086 1434 ad
1105 1386 1211 1436 usum
1231 1369 1394 1436 nostrum
1415 1357 1554 1438 nobiles
1570 1372 1674 1468 typos
1692 1363 1815 1440 orien-

244 1485 354 1579 tales,
370 1487 503 1594 quibus
518 1489 685 1595 princeps
700 1485 898 1565 Galliarum
913 1487 1202 1596 'lypographeon
1220 1487 1394 1596 superbit.
1410 1490 1504 1567 Sane
1520 1492 1636 1569 officio
1652 1491 1814 1570 deessem

245 1644 346 1708 meo,
362 1618 430 1696 nisi
448 1617 612 1725 publicas
629 1630 665 1696 et
683 1620 811 1696 merito
824 1622 906 1724 jure
927 1618 1066 1696 debitas
1081 1617 1207 1697 laudes
1224 1618 1403 1698 solverem
1419 1622 1572 1728 egregiis
1585 1621 1814 1729 Typothetis,

242 1749 354 1857 inque
379 1751 505 1856 primis
529 1749 788 1828 humanissimo
809 1761 969 1856 augustae
991 1751 1140 1830 officina
1161 1751 1319 1829 curatori
1342 1750 1610 1830 Bartholomaeo
1631 1751 1816 1832 Haureau.

297 1876 455 1994 Fastidio
482 1878 678 1958 lectoribus
701 1909 775 1958 non
803 1882 887 1972 erit,
909 1883 938 1959 si
963 1879 1068 1988 plura
1095 1882 1130 1958 in
1152 1881 1222 1959 hoc
1242 1891 1340 1962 tomo
1364 1893 1572 1976 occurrant,
1590 1911 1672 1990 quae
1696 1885 1770 1962 sive
1794 1913 1817 1960 a

240 2017 343 2100 nobis
359 2022 453 2112 jam.
470 2021 577 2092 sivea
601 2019 783 2094 nonnullis
802 2021 842 2116 in
856 2021 1021 2087 madium
1038 2020 1133 2086 adita
1151 2023 1298 2087 bunius.
1316 2022 1405 2084 Novi
1426 2023 1564 2090 «odim
1582 2051 1676 2090 mara
1697 2022 1816 2090 eludia

241 2148 455 2248 provocant,
473 2165 554 2243 quae
574 2137 611 2212 in
633 2145 732 2213 tanta
755 2145 929 2213 vetustate
948 2161 1139 2240 nunquam
1160 2161 1423 2241 supervacanea
1442 2147 1537 2214 sunt.
1557 2134 1685 2244 Operae
1705 2166 1816 2245 porro

242 2271 402 2379 pretium
423 2280 516 2358 erat,
538 2268 575 2344 in
600 2291 715 2345 unum
736 2293 863 2370 cogere
881 2293 947 2373 pro
966 2265 1102 2344 viribus
1123 2264 1304 2372 quidquid
1324 2266 1421 2374 apud
1443 2264 1645 2346 Orientales
1665 2268 1816 2348 Antani-

243 2429 383 2480 caenum
409 2399 576 2505 emergit,
599 2397 910 2505 quemadmodum
936 2397 1164 2476 venerandus
1183 2399 1238 2475 vir
1262 2396 1438 2477 Martinus
1463 2398 1640 2478 Routhius
1665 2428 1813 2508 operam

241 2531 371 2611 ludere
395 2559 469 2609 non
495 2529 626 2621 voluit,
648 2529 736 2608 dum
756 2527 903 2634 longam
923 2529 1032 2608 vitam
1061 2529 1159 2606 trivit
1186 2539 1327 2607 tantum
1353 2531 1391 2610 in
1414 2529 1623 2636 colligendis
1642 2532 1755 2611 semel
1779 2543 1816 2612 et

240 2665 375 2740 iterum
390 2660 553 2768 deliquiis
567 2660 671 2738 socru
686 2670 852 2739 veterum
868 2661 1055 2767 primiceri
1073 2660 1258 2738 christiani
1274 2662 1509 2768 scriptorum,
1526 2673 1708 2769 quotquot
1720 2664 1815 2742 inter

243 2792 401 2884 Graecos,
420 2793 574 2872 maxime
593 2791 691 2900 apud
708 2790 923 2882 Eusebium,
945 2790 1239 2898 spargebantur..

297 2923 409 3002 Nemo
427 2924 617 3002 hominum
632 2934 808 3027 praeterca
826 2950 904 3001 rem
921 2922 1120 3012 lacesserit,
1133 2924 1275 3030 opinor,
1292 2925 1321 3001 si
1338 2923 1451 3002 multa
1469 2935 1647 3002 eruantur
1664 2952 1706 3002 ex
1720 2935 1814 3004 cate-

241 3057 314 3147 nis,
328 3066 370 3135 ut
385 3056 504 3148 aiunt,
522 3081 603 3162 quae
624 3065 698 3132 tam
714 3053 812 3161 apud
830 3052 1051 3146 Orientales,
1066 3081 1178 3162 quam
1192 3055 1302 3132 etiam
1318 3054 1417 3162 apud
1434 3053 1593 3146 Graecos,
1608 3084 1682 3135 non
1696 3055 1813 3136 solum

241 3188 402 3267 truncari
419 3185 551 3277 solent,
564 3185 629 3265 sed
644 3184 762 3294 colligi
776 3187 976 3294 periculosa
994 3216 1103 3267 manu
1119 3188 1195 3266 τῶν
1211 3185 1442 3294 ἑτεροδόξων.
1457 3186 1566 3266 Sacra
1580 3200 1681 3280 sunt,
1695 3187 1751 3268 vel
1766 3189 1812 3266 ab

234 3317 344 3398 -hoste
363 3319 391 3396 si
408 3329 536 3398 trunca
551 3299 712 3424 jaceant,
729 3319 878 3424 grandia
899 3348 978 3398 ossa
997 3318 1158 3397 Petrum.
1175 3317 1278 3396 Adde
1298 3318 1399 3426 quod
1418 3329 1536 3398 totum
1556 3319 1625 3398 hoc
1642 3319 1813 3420 volumen

241 3448 289 3528 ad
307 3451 481 3530 trutinam
506 3452 701 3529 Romanam
728 3475 921 3556 expensum
947 3449 1015 3526 luit
1041 3448 1087 3526 ab
1113 3448 1257 3552 egregio
1282 3448 1428 3526 doctore
1454 3449 1651 3554 Augustino
1672 3449 1812 3540 Ciasca,

242 3607 352 3686 quem
374 3589 448 3660 tota
469 3579 561 3660 Urbs
581 3580 698 3670 novit,
719 3606 793 3658 non
817 3576 935 3657 solum
959 3577 1035 3659 an
1057 3575 1227 3656 idiomata
1253 3577 1300 3656 ad
1322 3577 1495 3655 amussim
1519 3575 1728 3670 callentem,
1749 3577 1815 3658 sed

241 3738 366 3789 rerum
388 3708 671 3816 theologicarum
693 3711 839 3818 peritia,
858 3738 931 3817 qua
955 3708 1073 3788 solent
1091 3708 1342 3815 Augustiniani
1363 3705 1519 3800 sodales,
1540 3708 1763 3814 magistrum.
1784 3709 1813 3786 A

241 3868 315 3947 quo
327 3850 503 3947 praeterea
515 3853 776 3948 exspectamus,
789 3839 1043 3920 adornandam
1058 3841 1165 3947 hujus
1179 3839 1267 3919 tomi
1279 3838 1504 3932 coronidem,
1516 3868 1558 3920 ex
1571 3841 1678 3918 unico
1692 3839 1814 3920 codice

241 3979 363 4046 nostro
388 3968 551 4060 arabico,
568 3968 707 4047 tamdiu
733 3983 893 4079 optatam
921 3969 967 4050 de
992 3969 1132 4050 Tatiani
1152 3970 1381 4048 Diatessaron
1403 3968 1626 4048 luculentam
1651 3969 1814 4078 disputa-

241 4101 391 4180 tionem.

298 4231 405 4312 Plura
423 4259 490 4340 pro
507 4234 590 4338 jure
614 4261 679 4312 suo
705 4232 868 4312 dicturus
891 4245 943 4314 est
965 4236 1130 4341 egregius
1153 4235 1348 4342 interpres,
1375 4235 1451 4341 ipse
1474 4261 1540 4341 ego
1561 4234 1599 4312 in
1620 4259 1702 4314 meo
1725 4234 1814 4313 tomi

243 4362 392 4442 secundi
410 4364 586 4472 prooemio
606 4361 713 4472 plura
730 4363 813 4444 dixi.

288 4549 409 4631 Roma,
427 4573 463 4618 ex
480 4553 598 4620 adibus
614 4549 816 4631 Callistianis,
833 4552 892 4618 kal.
906 4551 1084 4619 Decembris
1098 4577 1126 4619 a.
1142 4575 1370 4619 crancccnxxnn.

1033 4780 1062 4884 †
1086 4780 1228 4858 Jomnns
1249 4779 1413 4858 Birrrsra
1430 4807 1525 4858 cano.
1546 4777 1683 4858 PlTer

1214 4927 1386 4991 Tusculanus
1403 4929 1560 5012 episcopus.
