3990 6092
270 594 337 661 310
621 589 793 657 paruuli
824 588 1224 658 ANTENICAENORUM
1254 589 1489 657 inausum.

269 756 340 814 tura
358 742 413 813 illa
427 741 566 838 gloriosa
579 753 612 811 et
626 739 962 839 incomprehensibilis
975 766 1045 812 eam
1059 740 1234 825 inhabitat,
1247 740 1322 812 liliis
1336 743 1405 840 ejus
1419 741 1582 838 gaudens,
1600 739 1633 811 id
1648 755 1711 824 est,
1727 743 1851 814 mentis

268 864 408 963 puritate
427 877 458 933 ot
477 858 645 933 munditie.

323 1012 355 1056 a.
385 985 476 1081 «Ego
495 981 611 1055 dilecto
634 1009 720 1065 meo,
745 994 776 1053 et
795 979 929 1052 dilectus
948 1008 1039 1053 meus
1056 981 1153 1064 mihi,
1173 980 1229 1083 qui
1246 981 1388 1083 pascitur
1402 983 1487 1055 inter
1503 983 1613 1066 liliam
1631 983 1665 1055 id
1683 997 1745 1067 est,
1765 985 1848 1083 3313

267 1105 310 1176 ad
326 1106 463 1205 primam
477 1105 626 1176 virtutem
649 1129 794 1174 reversus
811 1129 883 1174 sum
904 1114 936 1173 et
954 1129 1026 1174 cum
1045 1129 1082 1174 eu
1101 1127 1204 1176 unum
1218 1115 1340 1205 corpus
1358 1105 1458 1188 evasi,
1477 1117 1609 1204 propter
1626 1103 1687 1176 hoo
1709 1104 1848 1176 deducit

260 1254 319 1328 ¹me
337 1227 371 1297 in
389 1238 518 1325 pratum
534 1224 687 1295 liliorum.
1079 1325 1081 1330 ι

321 1349 353 1417 3.
384 1345 548 1417 «Pulchra
561 1371 610 1426 es,
630 1344 734 1415 vicina
745 1371 833 1427 mea,
852 1342 933 1415 sicut
949 1345 1054 1441 gratia
1065 1351 1088 1428 ¹,
1108 1356 1140 1416 ct
1155 1345 1270 1417 deeora
1286 1345 1368 1417 sicut
1379 1346 1574 1430 Jerusalem,
1589 1345 1741 1418 terribilis
1755 1347 1843 1420 31331

268 1463 458 1566 a(agmina)
476 1465 661 1537 ordinata.»
677 1464 799 1537 Similis
818 1491 851 1536 es
872 1479 907 1536 tu
924 1465 1098 1550 voluntati,
1110 1466 1143 1536 id
1160 1482 1223 1551 est,
1242 1466 1404 1540 similises
1427 1467 1566 1540 Domino
1584 1480 1641 1539 tuo
1660 1468 1715 1568 qui
1733 1468 1841 1541 lactus

268 1601 315 1658 est
334 1614 393 1686 pro
417 1585 511 1658 nohis
534 1599 689 1684 tanquam
713 1613 839 1668 servus,
857 1586 913 1657 sed
933 1586 1176 1686 pulchritudine
1200 1601 1255 1660 tua
1274 1587 1447 1660 assimilata
1465 1617 1499 1661 es
1517 1588 1695 1660 Jerusalem
1718 1590 1841 1662 coelesti

267 1720 365 1807 atque
384 1707 572 1778 exercitibus
588 1707 672 1804 ojus,
693 1707 750 1806 qui
767 1735 785 1779 3
804 1706 871 1778 Deo
891 1717 1048 1807 precepta
1065 1708 1236 1808 recipiunt.

320 1829 353 1898 lt.
383 1828 519 1899 adverte
537 1828 647 1900 oculos
663 1841 734 1900 tuos
750 1828 863 1899 313313
880 1855 968 1912 mea,
983 1825 1060 1928 quia
1077 1829 1138 1929 ipsi
1157 1856 1208 1901 me
1224 1831 1458 1928 fugaverunt„
1477 1831 1512 1903 id
1529 1845 1592 1914 est,
1607 1833 1734 1904 avolare
1752 1833 1844 1904 lece-

266 1952 373 2031 33311,
385 1947 505 2019 33111331
519 1975 560 2019 33
573 1949 723 2048 respicias
739 1948 780 2020 ad
794 1976 831 2020 ea
847 1975 918 2048 quae
935 1949 1119 2021 rectitudini
1134 1947 1168 2020 in
1187 1977 1237 2022 me
1253 1951 1461 2050 reperiuntur
1472 1953 1648 2036 contraria,
1661 1979 1702 2024 33
1714 1953 1841 2025 avolem

266 2097 284 2139 a
303 2082 333 2141 te
351 2069 433 2140 sicut
450 2082 544 2141 antea
567 2069 646 2141 milri
667 2070 791 2142 accidit.
808 2069 890 2152 Sed,
908 2070 933 2141 si
956 2071 1087 2169 quando
1106 2085 1191 2144 reete
1208 2073 1354 2172 opposita
1373 2073 1585 2174 derelinquis,
1601 2088 1637 2146 ut
1656 2074 1778 2146 directa
1796 2074 1842 2146 ad

265 2215 317 2260 me
345 2190 512 2289 respicias,
532 2191 572 2262 da
592 2191 674 2262 mihi
699 2190 781 2273 3133,
799 2191 923 2262 virtutis
946 2191 1114 2288 operibus,
1134 2205 1170 2264 ut
1193 2193 1234 2264 ad
1255 2193 1366 2292 plagas
1388 2194 1511 2267 divinas
1533 2193 1662 2267 volandi
1685 2195 1843 2269 facultate

265 2309 437 2407 gaudeam.
1087 2399 1094 2412 ‚

320 2461 353 2530 7.
383 2433 579 2530 «Sexaginta
597 2449 673 2506 suut
690 2435 825 2530 reginae,
852 2451 884 2507 et
906 2436 1067 2532 octoginta
1094 2435 1281 2508 concubinae
1304 2450 1336 2508 et
1359 2436 1673 2509 adolescentulamm
1698 2465 1764 2509 non
1791 2453 1844 2511 est

267 2580 487 2634 3333333333
504 2555 634 2651 Regina
659 2555 758 2652 igitur
775 2569 851 2628 sunt
876 2557 991 2629 animae
1010 2555 1073 2628 illae
1091 2583 1179 2657 333,
1199 2557 1241 2629 ob
1259 2559 1433 2658 perlectam
1459 2573 1600 2630 mentem
1622 2573 1653 2631 et
1676 2587 1839 2645 amorem,

266 2675 431 2747 sanctitate
446 2674 551 2772 dignae
566 2689 642 2748 sunt
655 2703 727 2775 quae
742 2676 785 2746 ad
797 2677 880 2774 regis
897 2676 1058 2749 dexteram
1074 2678 1281 2750 collocentur.
1295 2679 1491 2750 Concubinae
1507 2679 1660 2751 dicuntur
1672 2679 1734 2751 illae
1749 2707 1840 2780 quae,

266 2797 321 2868 irae
339 2809 370 2866 31
384 2797 545 2867 minarum
564 2795 693 2879 timore,
712 2797 860 2868 virtutem
877 2797 996 2869 colunt.
1016 2797 1269 2870 Adulescentulus
1289 2812 1443 2871 vocantur
1462 2827 1534 2900 333
1551 2813 1673 2872 3131333
1689 2800 1843 2900 spiritua-

266 2915 339 2986 liter
352 2914 477 3016 pusillae
491 2915 597 2987 adhuc
608 2944 674 2988 non
685 2931 901 3017 pervenerunt
918 2918 958 2989 ad
969 2917 1100 3018 plenam
1112 2919 1188 2992 lidci
1201 2933 1368 2993 staturam.
1381 2919 1540 2993 Numerus
1551 2934 1660 2994 autem
1676 2922 1842 3018 octoginta

269 3035 361 3108 nohis
376 3050 502 3109 revocat
515 3038 682 3134 figurative
700 3040 885 3136 mysterium
902 3041 1003 3112 octavi
1018 3041 1155 3112 numeri.

988 3356 1070 3429 ·11

322 3561 355 3631 Α.
386 3559 459 3632 Haec
478 3572 621 3632 aromata
644 3584 717 3630 cum
736 3557 887 3658 cupiisset
910 3558 1046 3658 loseph,
1068 3559 1267 3632 consiliarius
1295 3561 1354 3634 Dei
1369 3561 1470 3633 133133
1486 3575 1548 3644 331,
1567 3561 1683 3662 hisque
1708 3563 1840 3636 inuncta

268 3683 363 3778 Virgo
383 3681 484 3754 Maria
500 3682 534 3752 in
553 3696 660 3752 ventre
677 3706 735 3751 suo
751 3679 898 3778 concepit
912 3678 1063 3751 Verbum.
1084 3680 1112 3752 0
1128 3681 1277 3776 mysteria
1293 3682 1486 3754 ineliabilia!
1504 3681 1532 3754 0
1548 3685 1663 3756 veritas
1680 3711 1751 3784 quae
1766 3700 1841 3786 apte

269 3803 494 3874 manifestatur
505 3804 537 3872 ³!
557 3798 638 3901 (111)

322 3979 356 4050 B.
387 3976 415 4049 Ο
436 4001 516 4046 nova
535 3973 729 4045 aeconomia!
757 3973 785 4045 0
808 3975 957 4073 mysteria
980 3977 1115 4074 magua!
1136 3976 1208 4050 3113
1232 3979 1318 4050 filius
1336 3978 1443 4051 dilecti
1459 3981 1521 4052 mei
1543 3967 1661 4054 saliens
1681 3981 1788 4054 venitl
1804 3981 1840 4053 la

270 4098 358 4181 Ouid
371 4111 418 4169 est
435 4092 766 4167 saltus‘l-Verbum
784 4097 935 4195 estquod
952 4097 992 4170 de
1008 4097 1087 4170 coelo
1107 4099 1139 4170 in
1155 4113 1285 4172 uterum
1296 4100 1452 4196 Virginis,
1464 4101 1505 4174 de
1520 4117 1611 4174 utero
1627 4103 1662 4174 iu
1677 4130 1805 4175 crucem
1815 4107 1840 4186 ⁵,

270 4233 368 4315 atque
386 4218 425 4288 de
443 4219 586 4289 3333313
605 4218 815 4290 aeternitatem
833 4219 975 4291 exsilivit.

322 4395 356 4467 C.
387 4393 552 4466 Venerunt
566 4393 716 4466 mulieres
732 4408 824 4468 nocte
840 4410 1019 4495 quaerentes
1032 4425 1107 4469 eum
1124 4399 1159 4470 in
1174 4398 1330 4499 sepulcro.
1347 4401 1511 4486 «Quaesivi
1526 4427 1618 4486 eum,
1637 4401 1697 4486 ait,
1714 4429 1773 4475 nec
1790 4404 1844 4478 in·

272 4515 368 4588 aveni
382 4520 488 4588 euml.
499 4515 650 4588 a—aUt
664 4513 744 4614 quid
762 4515 848 4588 euim
864 4517 1005 4616 quaeritis
1014 4519 1170 4590 viventem
1184 4547 1256 4592 cum
1272 4521 1470 4594 mortuis⁷la
1482 4521 1552 4594 Non
1567 4523 1748 4596 invenimus
1766 4552 1842 4598 eum

270 4637 332 4709 hic.
351 4638 423 4710 Non
438 4637 526 4709 enim
548 4635 640 4708 illum
659 4635 793 4710 decebat
817 4638 1016 4738 sepulcrum,
1044 4640 1102 4711 sed
1125 4640 1251 4712 coelum.
1270 4643 1337 4714 Cur
1359 4643 1502 4743 queritis
1524 4672 1622 4745 super
1644 4657 1762 4718 terram
1783 4647 1842 4747 qui

271 4757 362 4830 sedet
379 4785 477 4858 super
496 4756 696 4830 Cherubim?

309 4992 316 5022 ¹
337 4993 425 5044 313313
437 4988 546 5044 :noua
558 5021 597 5032 -
610 4995 620 5025 ¹
639 4991 722 5046 Codex
734 4990 754 5045 B
767 4989 837 5065 ponit
848 4989 874 5043 13
887 4989 1017 5062 margines
1097 4990 1143 5056 riv,
1158 4995 1184 5044 et
1198 5009 1229 5056 rr,
1248 4993 1289 5048 15.
1306 5023 1340 5034 -
1356 4995 1366 5028 ⁸
1386 4992 1476 5048 Contio.
1496 4993 1586 5049 Contio.
1609 5015 1641 5060 u,
1662 4999 1687 5052 8.
1701 4996 1765 5051 ram
1784 5015 1841 5059 uxr,

272 5081 427 5154 Fugamunt
440 5102 490 5146 me,
505 5083 575 5138 11331
586 5083 681 5140 3331333
684 5084 807 5156 semrom.
820 5113 859 5126 ··-
874 5085 884 5116 ³
903 5081 964 5136 Vide
976 5099 1019 5136 su-
1093 5090 1148 5138 tum
1167 5084 1245 5140 versio
1266 5085 1369 5160 simplex
1393 5085 1433 5141 liic
1456 5085 1542 5162 legunt
1561 5087 1611 5142 Voc
1629 5088 1710 5142 dilecti
1729 5089 1782 5143 rari.
1806 5121 1842 5132 -

269 5193 329 5248 pra,
350 5176 378 5229 in
401 5176 472 5231 initio
490 5175 608 5251 longioris
627 5176 772 5251 fragmenti,
792 5174 858 5250 quod
877 5175 1017 5239 attulimus,
1093 5180 1102 5210 ⁸
1121 5176 1158 5232 ld
1176 5177 1282 5234 litterum
1299 5179 1324 5233 ia
1341 5180 1446 5253 lignum,
1465 5191 1488 5235 et
1506 5181 1536 5236 a«
1553 5181 1654 5255 1133313
1668 5181 1789 5254 olyram
1802 5215 1841 5225 -

271 5286 295 5339 p.
306 5267 373 5332 336,
382 5267 414 5322 ud
425 5287 456 5333 iv,
469 5269 509 5325 alr.
521 5270 581 5326 1133
592 5289 641 5324 333
654 5277 748 5326 exstant
759 5271 786 5325 iu
799 5268 882 5324 codice
893 5268 1016 5324 Vaticano.
1093 5273 1102 5304 ⁸
1123 5269 1212 5326 633133.
1229 5271 1318 5328 Orate
1335 5291 1376 5337 m,
1396 5293 1418 5328 r.
1431 5305 1468 5317 —
1483 5277 1493 5308 ⁷
1512 5273 1570 5328 Luc.
1587 5293 1647 5339 rur,
1663 5277 1686 5330 5.

272 5359 315 5412 Cir
328 5360 461 5432 1116313333,
475 5359 627 5416 lineamento
641 5365 751 5435 cyriaca,
765 5363 801 5423 ll,
817 5361 1016 5435 3333131333,
