3980 6084
275 551 342 617 tto
621 549 795 616 assuunt
826 546 1226 616 turuulehuontttt
1255 549 1492 618 thlLECTh.

327 699 394 771 Vll.
422 699 470 772 Dc
483 700 612 800 episcopo
621 699 900 798 Hierosolymitanc.
914 701 1141 784 -Quoniam
1160 701 1245 799 viget
1254 701 1387 801 antiqua
1401 700 1599 773 consuetudo
1615 715 1647 774 et
1662 702 1794 775 traditio
1808 715 1846 774 nt

275 822 445 921 episcopus
460 819 638 893 Jerusalem
656 821 833 893 honorilice
847 821 1019 906 habeatur,
1042 822 1145 920 gradu
1163 822 1297 895 honoris
1318 823 1369 894 sui
1385 821 1543 920 gaudeat,
1566 821 1659 894 salvis
1680 837 1790 896 tamen
1813 837 1846 894 et

276 943 405 1014 servatis
417 942 540 1015 honore
555 957 587 1014 et
603 955 759 1041 potestate
776 941 988 1043 metropolita
1003 943 1152 1043 propriis.
1169 940 1282 1044 (230)

326 1138 409 1210 Vlll.
439 1137 484 1209 De
517 1139 575 1210 illis
606 1139 660 1238 qui
692 1138 816 1236 Cotlurri
841 1138 989 1238 dicuutur.
1013 1183 1065 1194 —
1084 1138 1195 1212 Relate
1217 1139 1260 1211 ad
1292 1138 1423 1239 eosqui
1446 1138 1523 1211 olim
1546 1139 1846 1238 vocabantseipsos

276 1259 431 1331 Catharos
449 1260 553 1358 etqui
571 1259 668 1331 hodie
685 1258 726 1330 ad
741 1259 916 1331 Ecclesiam
939 1259 1128 1331 catholicam
1151 1273 1182 1332 et
1205 1260 1412 1360 apostolicam
1432 1259 1585 1344 redeunt,
1598 1259 1721 1332 bonum
1740 1260 1845 1331 visum

275 1393 324 1452 est
346 1379 480 1478 Synodo
505 1406 630 1476 magnae
654 1393 686 1451 et
709 1393 842 1463 sanctae,
868 1393 919 1465 ut,
943 1407 1043 1453 manu
1063 1379 1127 1452 illis
1150 1381 1315 1480 imposita,
1334 1381 1368 1452 in
1393 1381 1513 1452 clerum
1537 1394 1735 1480 cooptentur.
1765 1381 1846 1452 Ante

278 1500 386 1572 omnia
399 1513 509 1572 tamen
527 1515 653 1601 oportet
670 1512 706 1571 ut
722 1501 840 1599 scripto
858 1501 1072 1574 confiteantur
1090 1528 1108 1571 a
1124 1529 1159 1573 se
1182 1501 1282 1600 recipi
1301 1514 1334 1572 et
1354 1501 1512 1601 acceptari
1527 1500 1679 1599 dogmata
1696 1501 1845 1574 Ecclesia

278 1621 441 1693 catholicoe
459 1635 491 1694 et
509 1621 706 1722 apostolicae,
722 1621 755 1692 id
774 1635 839 1706 est,
858 1649 891 1694 se
909 1622 1147 1694 communicare
1160 1621 1241 1694 velle
1259 1649 1332 1693 cum
1347 1621 1385 1692 iis
1401 1622 1458 1722 qui
1474 1619 1631 1694 secundas
1648 1621 1846 1694 contrahunt

278 1743 408 1842 nuptias
423 1756 455 1814 et
470 1770 543 1814 cum
554 1743 593 1815 iis
611 1743 668 1843 qui
687 1744 719 1814 in
735 1743 959 1842 persecutione
974 1743 1223 1826 ceciderunt‚iis
1234 1742 1329 1814 etiam
1341 1743 1461 1842 quibus
1471 1741 1701 1843 (poenitentiae)
1717 1757 1845 1843 tempus

277 1864 514 1963 praescriptum,
535 1863 706 1936 definitum
723 1878 755 1936 et
768 1864 952 1952 ordinatum
969 1878 1031 1948 cst;
1047 1893 1065 1936 a
1081 1891 1114 1936 se
1134 1863 1235 1964 recipi
1258 1891 1369 1936 omnes
1391 1863 1553 1936 doctrinas
1570 1863 1718 1936 Ecclesiae
1735 1864 1846 1936 catho-

277 1985 362 2069 licae,
375 1999 472 2085 atque
487 1985 585 2057 simul
601 1985 710 2057 omnia
728 2013 800 2087 quae
814 1985 913 2083 hujus
925 1984 1184 2058 moderatoribus
1194 1998 1323 2084 accepta
1336 1997 1429 2070 sunu
1445 1985 1490 2056 ita
1507 2011 1634 2069 omnes,
1647 1984 1845 2084 ubicumque

277 2106 358 2188 sint,
377 2106 490 2178 sivein
507 2106 659 2191 urbibus,
678 2107 742 2180 sive
757 2107 793 2178 in
808 2107 884 2178 vicis
900 2105 1047 2190 semotis,
1064 2106 1160 2178 modo
1180 2106 1309 2178 ordines
1328 2104 1501 2205 recipiant,
1520 2106 1577 2204 qui
1594 2105 1629 2177 in
1647 2105 1732 2178 clero
1750 2120 1843 2186 sunt,

277 2226 425 2299 habitum
445 2240 581 2301 servent.
608 2228 659 2300 llli
677 2241 787 2300 autem
809 2228 919 2328 quiin
943 2226 1021 2300 locis
1043 2242 1139 2300 erunt
1159 2227 1215 2300 ubi
1238 2226 1328 2298 adest
1351 2239 1407 2298 aut
1428 2227 1597 2326 episcopus
1618 2240 1676 2300 aut
1698 2226 1845 2300 sacerdos

277 2348 470 2433 catholicus,
497 2363 610 2422 notum
634 2362 682 2421 cst
708 2349 750 2422 ad
772 2349 958 2449 episcopum
980 2349 1127 2420 Ecclesiae
1149 2348 1310 2447 pertinere
1331 2360 1363 2418 et
1382 2347 1539 2418 honorem
1563 2349 1842 2420 etauctoritatem.
1942 2407 1943 2412 ,

275 2471 343 2554 Oui
358 2484 466 2542 autem
486 2471 665 2542 aCatharis
683 2469 802 2542 dicitur
819 2471 1003 2570 episcopus,
1017 2469 1189 2541 sacerdotis
1206 2467 1331 2541 honore
1356 2469 1474 2566 dignus
1494 2468 1665 2552 habeatnr,
1689 2469 1751 2540 nisi
1772 2468 1845 2568 pla-

275 2591 379 2662 cuerit
394 2591 544 2690 episcopo
564 2617 638 2662 eum
654 2591 716 2662 sibi
732 2591 857 2662 honore
875 2590 1014 2660 nominis
1032 2590 1225 2686 constituere
1239 2616 1361 2688 parem.
1379 2589 1475 2673 Quod
1492 2590 1518 2662 si
1533 2590 1594 2662 hoc
1612 2589 1763 2689 episcopo
1779 2615 1844 2660 non
1942 2605 1943 2692 p

277 2711 451 2810 placuerit,
479 2711 693 2782 constituatur
709 2710 754 2792 oi,
768 2709 817 2782 vel
834 2709 1069 2809 chorepiscopi,
1086 2711 1134 2781 vel
1151 2710 1324 2782 sacerdotis
1343 2710 1480 2807 gradus,
1496 2710 1593 2782 modo
1611 2711 1646 2782 in
1669 2709 1753 2782 clero
1777 2735 1845 2782 esse
1942 2697 1943 2704 ἵ

279 2832 411 2903 omnino
431 2844 553 2903 certum
568 2830 624 2913 sit,
644 2843 675 2902 et
693 2830 790 2902 modo
805 2830 838 2902 in
857 2857 924 2902 una
939 2830 1117 2929 eademque
1135 2830 1214 2902 urbe
1230 2830 1295 2902 duo
1314 2858 1380 2902 non
1394 2831 1462 2903 sint
1477 2831 1630 2931 episcopi.

329 3025 381 3096 lx.
410 3023 456 3096 De
469 3023 528 3096 illis
540 3025 609 3124 qai,
620 3025 729 3124 absque
739 3025 890 3108 examine,
902 3023 993 3096 oblati
1002 3041 1071 3096 sunt
1082 3023 1124 3095 od
1138 3023 1399 3095 sacerdotium-
1409 3024 1506 3109 Quod
1519 3026 1547 3097 si
1562 3025 1711 3126 quidam,
1725 3025 1846 3126 absque

280 3146 439 3228 examino,
452 3145 629 3218 consecrati
644 3146 766 3218 suerint
781 3143 977 3229 sacerdotes,
989 3159 1060 3230 aot,
1076 3143 1214 3217 examini
1233 3145 1386 3243 subjecti,
1405 3158 1536 3244 peccata
1548 3173 1607 3218 sua
1623 3146 1759 3218 confessi
1779 3145 1846 3216 lue-

279 3268 359 3352 rint,
372 3281 442 3353 aut,
455 3294 528 3338 cum
544 3266 681 3338 confossi
696 3267 817 3338 luerint
830 3271 852 3338 'a
866 3294 899 3338 se
918 3282 1115 3363 trangressus
1131 3265 1227 3338 luisse
1244 3292 1399 3350 canones,
1414 3265 1625 3338 nihilominus
1641 3266 1683 3338 ab
1702 3266 1773 3338 aliis
1788 3267 1846 3338 im·

278 3388 472 3487 positionem
487 3413 645 3458 manuum
659 3386 875 3486 susceperint,
888 3387 946 3458 hos
957 3413 1059 3459 canon
1072 3413 1138 3458 non
1152 3385 1279 3484 recipit;
1296 3386 1429 3458 omnino
1447 3387 1536 3458 enim
1549 3379 1845 3487 irreprehensibiles

280 3508 435 3580 catholica
453 3506 595 3606 postulat
609 3505 761 3578 Ecclesia.

334 3706 372 3778 ll.
401 3705 446 3778 De
460 3703 596 3805 illisqui,
611 3733 678 3776 cum
688 3703 719 3776 in
725 3703 925 3806 persecutione
926 3701 1022 3802 fidem
1034 3719 1193 3803 ncgonmt,
1200 3720 1302 3804 posteo
1312 3701 1343 3773 in
1356 3703 1432 3774 clero
1441 3701 1567 3803 cooptati
1575 3720 1652 3774 sont.
1665 3746 1713 3757 -
1726 3698 1845 3774 Omnes

280 3828 362 3928 lapsi
377 3827 435 3928 qui
448 3828 625 3899 consecrati
640 3840 732 3910 sunt,
746 3827 810 3897 sive
828 3852 886 3923 per
904 3825 1136 3922 ignorantiam,
1148 3825 1212 3897 sire
1230 3851 1288 3923 per
1304 3823 1462 3896 incuriam
1480 3850 1592 3896 eorum
1608 3823 1665 3924 qui
1682 3847 1844 3927 consecra-

281 3947 401 4018 tionem
413 3959 624 4046 peregerunt,
642 3989 693 4000 —
711 3945 778 4018 hec
796 3945 883 4017 enim
899 3971 1056 4016 canonem
1068 3944 1317 4017 ecclesiasticum
1336 3942 1464 4015 abolere
1479 3969 1546 4015 non
1562 3943 1668 4016 valent
1680 3986 1731 3997 —
1748 3941 1843 4043 depe

281 4081 401 4140 uantur
415 4079 557 4166 oportet,
576 4093 650 4140 cum
671 4066 883 4139 innotuerint.

331 4261 383 4334 lll.
412 4261 457 4332 De
484 4261 566 4333 laicis
588 4259 745 4360 qoifidcm
766 4277 923 4360 negarunt.
946 4305 998 4316 —
1020 4260 1068 4333 De
1087 4260 1137 4332 his
1157 4260 1214 4361 qui
1235 4260 1333 4332 fidem
1357 4274 1518 4360 negarunt
1540 4259 1663 4359 absque
1681 4257 1843 4338 violentia,

281 4382 461 4482 direptione
471 4381 649 4464 bonorum,
662 4380 805 4480 periculo
820 4381 931 4453 mortis
945 4395 1001 4453 aut
1015 4381 1112 4453 simili
1128 4409 1239 4465 causa,
1252 4380 1285 4453 in
1298 4381 1520 4481 persecutione
1534 4409 1551 4453 a
1566 4379 1686 4452 Licinio
1698 4379 1842 4456 excitata,
1942 4463 1943 4468 ἵ

279 4502 415 4602 placuit,
432 4502 559 4574 etiamsi
576 4502 798 4574 benevolentia
818 4502 908 4599 digni
933 4529 998 4574 non
1017 4501 1098 4587 sint,
1116 4501 1228 4604 (231)
1251 4502 1301 4574 his
1323 4500 1571 4600 impertiendam
1586 4527 1655 4573 csse
1670 4499 1843 4598 indulgen-

280 4623 368 4694 tiam.
399 4621 520 4694 Omnes
546 4621 592 4692 illi
620 4622 676 4720 qni
701 4623 785 4694 scrio
811 4635 1042 4694 convertuntur
1064 4635 1127 4694 tres
1152 4648 1253 4693 annos
1279 4621 1364 4694 inter
1388 4623 1636 4694 catechumenos
1662 4621 1796 4718 degent3
1819 4617 1844 4688 si

279 4743 390 4816 lideles
408 4743 487 4828 sint,
499 4756 622 4842 septem
635 4743 728 4813 annis
747 4743 884 4814 orationi
897 4771 970 4815 cum
987 4744 1109 4844 populo
1124 4744 1276 4814 interesse
1290 4755 1459 4842 poterunt,
1471 4743 1552 4843 quin
1570 4755 1676 4816 tamen
1693 4736 1843 4814 oblationi

279 4866 437 4938 assistant.

328 5049 397 5122 llll.
425 5050 471 5122 De
488 5049 546 5121 illis
559 5050 626 5149 qui,
637 5067 795 5149 postquam
810 5045 919 5120 muodo
939 5047 1233 5131 abrenuntiaverunt,
1255 5048 1285 5120 in
1303 5047 1445 5120 mnodum
1467 5048 1626 5120 redierunt.
1645 5091 1697 5104 —
1718 5047 1844 5119 Exstant

278 5170 350 5268 qui,
368 5171 471 5267 gratia
485 5169 592 5241 divina
609 5171 726 5254 vocati,
744 5169 886 5270 primum
909 5168 978 5266 ejus
1000 5181 1125 5241 motum
1144 5170 1390 5242 manifestarunt
1411 5165 1566 5270 (militiae)
1590 5167 1720 5266 cingula
1748 5166 1842 5266 depo-

278 5291 402 5372 nend0,
415 5289 471 5362 scd
488 5291 562 5389 qui,
580 5318 652 5362 cum
670 5290 711 5362 ad
729 5290 897 5390 proprium
911 5318 1005 5363 suum
1017 5291 1171 5362 vomitum
1188 5291 1370 5374 redierunt,
1385 5291 1501 5364 iterum
1517 5317 1646 5363 currere
1663 5299 1840 5389 eruperunt,
