3990 6092
702 567 713 609 ¹
735 613 936 682 sineres
965 613 1191 692 tostinus,

757 1210 939 1282 stucnl
972 1209 1163 1282 JUSTlNl

497 1397 558 1460 llll
582 1397 817 1461 TRACTATU
838 1401 896 1460 nn
923 1399 1063 1462 lllltl'l’d
1089 1397 1432 1462 conrnsstonn.

821 1781 940 1838 CAPUT
964 1779 1104 1838 l'RlllUll

530 1937 610 1993 QUOD
625 1937 699 1984 nnus
717 1935 793 1986 unus
811 1939 856 1984 Sl'l*
873 1941 907 1984 ΕΤ
924 1939 1003 1992 QUOD
1020 1937 1215 1986 uxtsrnttrttttt
1235 1937 1280 1984 Sl'l
1296 1939 1396 1985 usust.

227 2123 252 2197 l.
281 2123 460 2198 Sullieienti
478 2123 575 2196 modo
594 2122 741 2196 absoluta
758 2122 945 2196 Judaeorum
965 2123 1241 2225 llthnieorumque
1264 2125 1499 2211 confutatione,
1520 2140 1689 2200 tractatum
1708 2128 1748 2200 de

176 2251 277 2319 sana¹
295 2246 359 2319 fide
386 2244 553 2319 instituere
579 2244 797 2342 aggredimur.
823 2245 983 2318 Omnibus
1006 2245 1093 2318 enim
1123 2259 1237 2318 notum
1265 2260 1311 2318 est
1335 2260 1482 2347 oportere
1501 2246 1602 2350 (ll),
1622 2265 1748 2321 ostensa

176 2368 275 2441 semel
289 2369 437 2452 veritate,
457 2381 493 2440 ut
510 2367 590 2440 seire
611 2367 790 2439 innitamur
806 2365 970 2467 quomodo
989 2366 1029 2440 de
1047 2395 1085 2439 ea
1107 2367 1312 2440 sentiendum
1327 2369 1368 2439 sit
1378 2373 1402 2453 ³,
1416 2369 1576 2468 siquidem
1594 2397 1660 2442 non
1680 2371 1748 2442 sul-

177 2491 242 2562 ficit
268 2488 454 2591 simpliciter
473 2487 601 2561 Patrem
627 2501 659 2560 et
678 2487 797 2560 Filium
821 2487 1024 2586 glorificare¹
1047 2502 1084 2560 ut
1101 2489 1239 2561 salutem
1266 2515 1513 2590 consequamur.
1533 2490 1584 2562 Nil
1609 2492 1746 2573 etenim,

176 2624 292 2710 praeter
308 2637 419 2683 sanem
437 2607 601 2682 Trinitatis
622 2608 873 2694 confessionem,
893 2610 987 2682 nobis
1009 2610 1095 2683 bona
1113 2609 1168 2682 illa
1187 2637 1260 2712 quae
1279 2611 1467 2683 timentibus
1490 2610 1594 2683 Deum
1614 2618 1748 2711 parata¹

176 2745 252 2804 sunt
270 2731 438 2804 conlerre¹¹
453 2744 569 2832 potest.
589 2732 653 2803 Nec
670 2731 746 2804 satis
763 2745 812 2804 est
826 2731 1058 2805 heterodoxos¹
1077 2759 1143 2805 non
1159 2732 1288 2816 audire,
1309 2759 1366 2804 nec
1385 2733 1501 2804 sufficit
1515 2733 1603 2805 Patri
1618 2747 1650 2805 et
1665 2734 1746 2806 Filio

182 2851 319 2949 gloriam
340 2851 533 2952 rependere,
552 2877 664 2923 vemm
688 2865 816 2951 oportet
836 2867 888 2936 ut,
907 2865 1015 2925 mente
1039 2867 1140 2937 reeta,
1164 2865 1282 2924 rectam
1309 2853 1541 2926 consessionem
1564 2855 1747 2927 offeramus.

184 2973 390 3073 Quapropter
413 2971 506 3044 nobis
531 2976 683 3044 neeesse⁸
708 2972 771 3043 luit
793 2971 881 3043 hunc
908 2975 1100 3044 tractatum¹
1122 2971 1289 3045 instituere
1312 2987 1349 3045 ut
1372 2976 1418 3048 eis
1441 2976 1498 3075 qui
1518 2974 1612 3046 illum
1639 2976 1751 3072 legunt

183 3093 367 3166 orthodonae
383 3093 522 3165 veritatis
538 3089 785 3189 intelligentiam
805 3092 1006 3172 conseramus
1017 3097 1054 3163 ¹⁰.

233 3269 274 3342 ll.
303 3269 413 3342 Unum
430 3268 530 3364 igitur
546 3269 652 3340 Deum
674 3265 778 3340 colere
798 3293 858 3338 nos
881 3265 998 3338 docent
1018 3265 1133 3339 divine
1148 3267 1323 3367 Scripturae
1341 3268 1498 3370 nobisque
1520 3271 1711 3369 precipiunt
1725 3277 1749 3316 ¹¹

182 3389 316 3461 Petrum
330 3386 561 3460 traditiones¹¹.
575 3387 680 3460 Unam
691 3387 777 3458 enim
790 3413 858 3459 esse
872 3391 1034 3460 eausam¹³
1046 3387 1193 3460 omnium
1207 3401 1347 3487 oportet,
1360 3416 1420 3474 ne,
1435 3403 1552 3488 preter
1561 3416 1631 3462 enm
1640 3395 1675 3474 ¹¹,
1689 3389 1749 3462 alia

182 3508 447 3610 introductaque
457 3509 541 3580 iacta
554 3512 868 3607 suntcorrumpat¹⁵.
880 3507 965 3592 lmo,
977 3509 1005 3580 si
1018 3508 1187 3609 quidpiam
1200 3508 1242 3581 ab
1253 3508 1363 3594 initio,
1375 3524 1491 3609 praeter
1502 3509 1605 3582 Deum
1613 3515 1649 3594 ¹¹,
1659 3511 1751 3582 exsti-

183 3633 286 3717 tisset,
300 3629 486 3704 omnimode
504 3630 554 3716 id,
570 3630 620 3702 vel
635 3631 757 3716 Deum,
774 3629 823 3702 vel
838 3629 1026 3732 quempiam
1042 3629 1137 3703 aliam
1154 3631 1304 3704 virtutem
1322 3631 1469 3704 conliteri
1485 3658 1612 3703 necesse
1626 3632 1748 3704 luisset.

183 3752 265 3836 Sed,
282 3752 339 3853 qui
356 3752 391 3824 id
409 3753 512 3825 Deum
530 3765 636 3838 vocat,
652 3751 757 3852 rejicit
765 3756 789 3796 ¹¹
808 3751 916 3825 dirim
931 3751 1108 3838 illaverbe,
1126 3751 1245 3854 quibus
1260 3751 1428 3825 manifeste
1439 3755 1466 3798 ¹⁸
1478 3752 1749 3853 proclamatur¹¹¹z

184 3876 292 3973 «Ego,
313 3901 371 3972 ego
390 3901 462 3946 sum
480 3875 586 3959 Deus,
600 3874 726 3974 primus
744 3887 776 3948 et
790 3872 981 3947 novissimus
998 3887 1030 3946 et
1045 3887 1163 3974 prester
1179 3899 1312 3946 menon
1330 3885 1379 3946 est
1394 3874 1518 3946 Deus.»
1535 3874 1632 3959 Quod
1648 3874 1675 3946 si
1689 3873 1751 3946 huc

184 3995 306 4068 nonsit
321 3995 424 4080 Deus,
442 3993 492 4081 id,
503 3995 554 4069 vel
569 3995 723 4094 angelum
730 3997 768 4080 ²⁰,
781 3994 831 4068 vel
847 3993 998 4067 virtutem
1013 4021 1124 4068 vocare
1138 3999 1309 4096 oportet¹¹.
1326 3995 1409 4080 Sed,
1420 3995 1465 4067 ita
1482 3995 1662 4096 loquendo,
1679 4021 1751 4066 ear-

182 4116 291 4216 pimus
300 4120 328 4162 ¹¹
346 4117 463 4222 iterum
486 4115 610 4189 divinos
635 4115 747 4190 libros
755 4120 794 4201 ¹³,
812 4113 870 4216 qui
893 4114 1006 4189 dicunt
1028 4114 1098 4188 haee
1121 4143 1139 4188 a
1162 4115 1232 4188 Deo
1248 4143 1316 4188 esse
1324 4120 1350 4160 ¹¹
1366 4142 1374 4184 t
1392 4114 1561 4188 sLaudate
1584 4116 1688 4187 Deum
1712 4115 1752 4186 de

220 4352 226 4382 ¹
248 4349 276 4404 ln
289 4349 438 4422 syrotitulus
452 4349 486 4402 ite
502 4367 528 4403 se
537 4347 632 4404 lubet:
646 4349 758 4403 alterum
772 4354 889 4401 trsctatus
899 4344 931 4401 de

183 4441 274 4496 ellectu
289 4442 448 4498 Gonlessione
464 4459 479 4495 a
495 4449 579 4496 sancto
593 4441 690 4496 lustino
708 4439 883 4514 philosophus
896 4439 931 4494 Er

181 4535 311 4589 ooltetione
322 4535 422 4606 syriace
436 4533 513 4607 hujus
524 4533 644 4589 versionis
652 4551 711 4588 eum
722 4532 795 4588 editis
806 4539 833 4588 st
845 4549 932 4588 meun-

183 4627 281 4700 seriptis
301 4627 387 4700 graecis
410 4626 534 4701 eolliqitur
555 4626 677 4699 syriscum
700 4627 864 4700 interpretem
880 4643 932 4700 pre

183 4719 259 4774 oeulis
272 4719 389 4775 hahuisse
401 4719 511 4774 codicem
524 4737 632 4794 grecum
646 4719 755 4774 similem
767 4717 844 4774 eodiei
860 4719 930 4774 1268

183 4809 344 4867 Bibliotheeae
358 4813 490 4868 nationalis
506 4811 659 4868 Parisiensis.
675 4811 704 4868 ld
722 4813 790 4867 enirn
809 4811 931 4885 sequitur,

185 4911 238 4958 urm
250 4923 280 4959 es
294 4904 414 4960 divisione
426 4913 543 4960 tractatus
552 4907 578 4959 in
591 4923 651 4960 xnn
662 4906 757 4980 sapite,
771 4912 824 4960 tum
836 4924 866 4960 ex
877 4905 932 4978 qui-

183 4995 289 5051 busdem
307 4998 382 5052 seriis
398 4997 553 5053 lectionibus.
569 4997 613 5054 cn
627 4998 725 5073 lligue,
740 4997 831 5053 Petrol.
852 4997 930 5052 Groec.

184 5089 229 5151 Vl,
246 5089 290 5143 col.
308 5091 393 5153 1203,
408 5109 465 5146 cum
490 5089 692 5146 annotationibus
707 5089 810 5146 loannis
829 5089 931 5145 llenriei

184 5180 405 5255 Nolte,ool.1767
417 5201 473 5257 sqq.
481 5186 537 5226 -²
551 5184 593 5240 Gr.
602 5186 682 5252 tytns.
690 5186 745 5226 -θ
761 5184 806 5238 Gr.
814 5189 929 5256 φρονεῖν.

184 5277 241 5316 -¹
260 5275 304 5330 Gr.
318 5271 464 5344 δοξολογία.
475 5281 534 5318 -l
555 5277 599 5332 Gr.
612 5277 791 5345 ἀποκειμένων.
806 5279 867 5318 ·-¹
887 5275 930 5331 Gr.

185 5370 321 5422 ἀπόλαυσιν
337 5366 459 5442 δωρεῖται.
471 5371 527 5410 -¹
547 5371 592 5427 Gr.
604 5370 791 5443 ἔτεμοφμόνοτν.
805 5368 932 5442 llicpeulo

1006 4346 1078 4401 aliter
1100 4345 1177 4400 editio
1193 4333 1296 4420 green:
1320 4343 1468 4420 «Siquidem
1492 4345 1568 4401 etiam
1591 4343 1753 4400 heterodoxos

1008 4438 1110 4494 aaudiat
1133 4439 1190 4512 quis
1218 4439 1318 4494 Putrem
1345 4445 1371 4493 et
1396 4439 1488 4493 Filium
1514 4438 1678 4501 celebrantes,
1707 4435 1752 4492 sed

1006 4551 1071 4596 uon,
1086 4539 1150 4586 ete.»
1165 4533 1227 4573 -⁸
1246 4531 1290 4586 Gr.
1306 4533 1456 4602 dseyxalus.
1470 4534 1532 4572 -¹
1551 4533 1594 4586 Gr.
1607 4532 1754 4606 γράμματος

1006 4631 1033 4680 et
1050 4623 1212 4698 ττμᾰγματοτ.
1230 4655 1268 4664 -
1285 4625 1304 4658 ¹⁰
1323 4624 1368 4678 Gr.
1385 4623 1520 4694 lsdyovsa.
1538 4655 1575 4663 -
1594 4625 1611 4656 ¹¹
1632 4623 1676 4677 Gr.
1696 4643 1754 4694 arsi·

1006 4716 1114 4772 δτῦοοοτ.
1130 4749 1167 4758 -
1179 4720 1197 4750 ¹²
1217 4718 1261 4772 Gr.
1276 4714 1439 4771 διδασκαλίαι.
1454 4748 1490 4756 -
1504 4719 1522 4750 ¹³
1541 4717 1585 4772 Gr.
1602 4717 1752 4780 αἰτιώτατον,

1005 4812 1254 4886 μτίτιοίμτνοτοτττοατ.
1267 4841 1305 4850 —-
1319 4811 1338 4844 ¹¹
1357 4810 1400 4866 Gr.
1417 4807 1496 4878 μηδὲν
1512 4808 1604 4870 ἔξωθεν
1616 4808 1752 4882 asperitato.

1005 4935 1043 4947 -
1056 4908 1073 4938 ¹¹
1093 4905 1135 4960 Gr.
1151 4905 1303 4972 inpetrasse.
1315 4935 1353 4944 —
1364 4906 1383 4936 ¹⁶
1402 4904 1445 4958 Gr.
1460 4905 1475 4966 ἡ
1486 4904 1531 4955 τὸν
1543 4903 1622 4964 θοόν,
1633 4901 1660 4954 iu
1669 4901 1752 4956 Coisli.

1006 5017 1052 5052 ms.
1064 5027 1102 5038 -—
1117 4999 1134 5030 ¹¹
1154 4997 1199 5052 Gr.
1217 4995 1342 5070 διέγραψε
1358 4995 1449 5050 dslees't.
1465 5025 1500 5038 -
1515 4997 1532 5028 ¹⁸
1552 4995 1595 5049 Gr.
1610 4993 1754 5062 ἀναφανδὸν

1006 5091 1110 5146 eodone.
1126 5121 1163 5131 -
1176 5092 1194 5123 ¹¹
1212 5087 1270 5144 leui.
1287 5107 1350 5154 ων,
1369 5090 1394 5142 5.
1413 5089 1457 5143 Gr.
1474 5091 1526 5159 ἐγὼ
1545 5091 1615 5146 θεὸς
1633 5093 1751 5162 πρῶτος,

1006 5187 1047 5238 sel
1061 5185 1113 5254 ἐγὼ
1125 5181 1188 5254 μετὰ
1201 5181 1295 5237 πάντα.
1310 5213 1348 5222 -
1361 5183 1382 5214 ¹⁰
1403 5182 1447 5236 Gr.
1462 5182 1589 5252 ἀγγέλους
1602 5183 1618 5242 ti
1632 5178 1753 5248 δυνάμεις.

1005 5279 1023 5310 ²¹
1044 5277 1087 5331 Gr.
1101 5279 1192 5344 φήσειν
1206 5274 1331 5336 δηλονότι.
1342 5278 1408 5317 -²²
1427 5275 1470 5330 Gr.
1484 5273 1615 5336 ἆθττήααο.
1627 5305 1665 5316 -
1676 5276 1694 5308 ’¹
1710 5274 1753 5328 Gr.

1007 5369 1115 5444 γμαφοῐς.
1126 5369 1191 5410 -’¹
1211 5367 1300 5422 Psalm.
1316 5386 1420 5432 crusni,
1437 5387 1467 5430 a,
1482 5370 1506 5420 5.
