4006 6098
236 561 303 628 376
582 558 753 626 rtruott
780 559 1180 628 AN'l'ENlCrENORUM
1210 560 1449 628 enatuere.

232 712 332 810 jicere
348 723 405 781 aut
421 735 589 808 spernere,
606 735 717 780 verum
730 707 873 808 impellit
890 723 926 780 ut
941 709 1033 782 unrie
1051 710 1200 782 homines
1220 710 1374 782 reducere
1388 725 1420 784 et
1435 739 1548 784 sanare
1562 739 1616 784 eos
1633 713 1690 812 qui
1705 741 1723 784 a
1741 713 1807 786 rir-

236 846 304 904 tute
325 827 526 914 excideruni,
544 829 715 913 festinent,
730 830 894 928 quomodo
914 858 979 903 non
995 831 1139 904 dicemus
1153 832 1256 904 Deum
1275 831 1384 916 illum,
1403 833 1459 932 qui
1480 847 1528 905 est
1547 834 1644 906 totius
1658 833 1808 933 philoso-

235 953 320 1051 phiae
338 952 460 1034 doctor,
480 951 536 1050 qui
555 964 602 1022 est
621 977 692 1022 vere
709 950 914 1024 beatissimus
929 963 961 1024 et
978 951 1168 1036 munificus,
1184 953 1245 1024 hue
1264 954 1402 1036 venisse,
1419 968 1532 1053 sponte
1550 982 1624 1038 sua,
1637 956 1694 1028 nbi
1712 956 1807 1027 turba

235 1073 423 1173 passionum
441 1072 549 1144 sedem
570 1071 683 1168 elegit,
700 1071 741 1143 ad
760 1099 814 1143 ees
833 1073 890 1172 qui
907 1072 1111 1172 passionibus
1125 1074 1299 1174 mancipati
1318 1075 1465 1147 fuerant?
1480 1075 1646 1174 Numquid
1663 1077 1808 1148 dicemus

235 1195 419 1294 passionem
440 1193 557 1264 animae
575 1221 640 1264 non
665 1219 749 1276 esse,
769 1193 794 1262 si
813 1194 902 1292 quis,
921 1221 971 1264 res
992 1221 1064 1293 quaa
1083 1195 1233 1266 virtutem
1251 1195 1380 1276 decent,
1399 1223 1464 1268 nen
1487 1197 1579 1292 agat?
1594 1197 1634 1268 At
1650 1198 1719 1297 ipse
1737 1197 1808 1268 Iso-

236 1320 370 1399 crates¹,
389 1314 488 1414 paulo
504 1327 599 1386 antea
619 1313 661 1384 ad
678 1313 905 1386 Abderitenses
923 1315 1081 1399 scribens,
1100 1316 1177 1387 dixit
1195 1316 1309 1388 animae
1325 1316 1547 1390 infirmitatem
1571 1345 1639 1390 esso
1661 1318 1807 1417 pecuniae

235 1463 390 1508 amorem.
412 1435 599 1533 Rursusque
613 1434 737 1506 eddidit
752 1465 760 1505 :
777 1434 918 1506 nMisera
938 1448 985 1508 est
998 1435 1155 1508 habitatio
1175 1437 1363 1522 bominum,
1379 1438 1455 1537 quia
1475 1418 1597 1538 ubique
1613 1438 1804 1538 penetrarit,

237 1569 299 1627 sut
313 1569 425 1627 ventus
438 1554 603 1640 hiemalis,
617 1554 762 1654 pecuniae
780 1581 883 1640 amor,
900 1555 953 1628 cui
968 1583 1063 1629 nemo
1080 1557 1227 1629 resistcre
1245 1571 1386 1656 potesta
1400 1558 1437 1629 ln
1451 1558 1536 1630 hanc
1555 1585 1650 1658 porro
1668 1558 1808 1630 infirmi-

237 1688 334 1747 tatem
348 1675 472 1748 utinam
491 1663 604 1747 omnes
618 1675 734 1748 medici
753 1677 939 1774 congregati
956 1691 1108 1749 sanarent
1126 1678 1274 1750 amentiae
1288 1679 1389 1777 hujus
1404 1678 1535 1763 deliria,
1552 1691 1807 1750 tormentorum-

237 1824 301 1896 que
317 1796 540 1883 acerbitatem,
553 1797 673 1870 nedum
689 1797 781 1870 illum
798 1798 947 1869 morbum
960 1797 1091 1870 beatum
1104 1798 1353 1898 predicarem!
1367 1800 1471 1872 Credo
1484 1827 1544 1900 ege
1557 1801 1704 1873 omnium
1718 1800 1807 1872 infir-

237 1915 630 2020 miotumtttttanimae
642 1919 817 1990 amentiam
828 1919 1065 1990 acerbissimam
1075 1919 1159 1990 hanc
1169 1947 1334 2020 esse,quae
1345 1921 1488 2021 pruritus
1500 1921 1806 2018 etimaginationem

237 2039 469 2135 cogitationum
489 2052 593 2122 creat,
607 2066 695 2139 quae,
709 2039 736 2110 si
753 2040 895 2140 quadam
913 2041 1028 2112 virtute
1043 2067 1059 2111 a
1077 2040 1210 2112 medicis
1222 2040 1409 2126 mundetur,
1422 2043 1530 2114 anima
1543 2041 1628 2115 bene
1645 2069 1679 2114 se
1696 2042 1804 2114 habet.

237 2159 367 2234 Utinam
378 2159 530 2259 possibile
545 2160 657 2232 suisset
669 2160 808 2232 radicem
821 2188 964 2232 amaram
976 2161 1161 2260 cupiditatis
1172 2175 1337 2245 truncare,
1348 2162 1392 2234 ita
1407 2176 1442 2235 ut
1453 2190 1560 2264 neque
1572 2163 1735 2264 reliquum
1749 2163 1807 2236 ali-

236 2280 362 2380 quidex
375 2307 413 2352 ea
425 2295 607 2379 superesset
624 2295 655 2352 et
667 2280 799 2352 vidisses
811 2281 959 2352 homines
972 2281 1162 2380 corporibus
1173 2296 1204 2354 et
1217 2281 1388 2354 animabus
1401 2310 1503 2380 aegros
1517 2282 1615 2356 simul
1630 2285 1763 2382 purgari
1777 2295 1808 2356 et

237 2401 404 2473 mundari!
420 2399 583 2482 Quoniam
596 2427 670 2474 vero
688 2402 839 2474 adversus
855 2427 957 2500 genus
974 2402 1156 2474 humanum
1171 2403 1205 2475 in
1222 2404 1284 2474 hoc
1298 2404 1423 2476 mundo
1436 2404 1608 2476 innumera
1622 2417 1809 2476 exarserunt

237 2521 339 2604 mala,
358 2521 561 2592 beatissimus
578 2536 655 2593 tunc
674 2522 792 2594 dicitur
808 2523 1243 2623 muneribusqueprodigus,
1257 2552 1346 2609 cum,
1361 2526 1395 2596 in
1412 2524 1666 2624 impassibilitate
1683 2538 1807 2597 naturae

238 2669 321 2724 suae,
341 2641 478 2725 videtur,
497 2641 642 2715 bonitate
663 2643 767 2715 Deum
789 2644 931 2724 decenti,
950 2671 1086 2715 munera
1109 2636 1166 2716 sua
1188 2645 1338 2717 omnibns
1357 2644 1545 2717 hominibus
1562 2646 1715 2718 dividere.
1734 2646 1807 2745 lpse

237 2763 325 2835 enim
342 2762 435 2838 Plato
454 2763 532 2834 dixit
549 2763 726 2835 sinvidiam
745 2792 812 2836 esse
830 2779 946 2864 praeter
964 2764 1046 2836 entis
1062 2765 1161 2837 divini
1180 2765 1298 2838 finesa.

289 2940 382 3012 XVII.
411 2940 506 3012 Venit
522 2941 632 3038 igitur,
649 2969 667 3012 o
685 2942 794 3026 beate,
809 2942 895 3014 venit
909 2943 1016 3027 Jesus,
1032 2943 1089 3043 qui
1104 2959 1151 3016 est
1168 2971 1333 3044 rexsuper
1349 2945 1475 3029 omnia,
1488 2959 1525 3016 ut
1542 2943 1687 3018 difficiles
1700 2944 1806 3017 honri·

237 3087 317 3132 num
334 3062 464 3133 morbos
485 3075 628 3146 sanaret,
649 3075 803 3163 tanquam
825 3089 882 3136 ens
896 3063 1118 3136 beatissimum
1137 3079 1168 3137 et
1185 3065 1312 3164 largum
1329 3066 1364 3140 in
1381 3067 1476 3138 bonis
1495 3065 1572 3138 suis.
1592 3067 1663 3165 lpse
1681 3080 1804 3149 autern,

237 3209 407 3254 remanens
430 3183 518 3283 quod
542 3194 626 3266 erat,
647 3173 812 3282 passiones
834 3184 1091 3283 impassibilitate
1114 3213 1172 3258 sua
1192 3187 1381 3270 exinanivit,
1398 3187 1480 3259 sicut
1501 3186 1554 3258 lux
1578 3187 1726 3260 tenebras
1749 3215 1805 3258 cx-

236 3302 351 3402 plodit.
368 3303 461 3375 Venit
480 3330 572 3400 ergo,
590 3304 676 3375 vonit
696 3304 867 3386 festinans,
887 3304 998 3376 beatos
1024 3319 1056 3377 et
1077 3306 1171 3378 bonis
1198 3307 1338 3406 repletos
1358 3321 1540 3392 creaturus,
1560 3335 1595 3380 er
1616 3307 1807 3380 mortalibus

237 3425 435 3496 immortales
459 3423 617 3505 facturus,
636 3425 747 3496 beatos
769 3423 877 3496 denno
901 3436 1112 3496 renovaturus
1136 3440 1167 3498 ct
1194 3427 1393 3500 conditurus.
1412 3427 1463 3499 llli
1481 3428 1582 3525 gloria
1606 3429 1662 3528 qui
1685 3443 1732 3501 est
1753 3455 1807 3500 rex

239 3544 400 3642 gloriosus
414 3545 448 3615 in
465 3544 596 3617 secula!
610 3545 725 3617 Arnen.

291 3701 421 3800 Explicit
437 3702 531 3772 sancti
550 3701 691 3800 Gregorii
706 3699 814 3800 Magni
829 3700 1052 3804 (tractatus)de
1070 3703 1248 3802 Impossibiti
1263 3720 1290 3776 et
1308 3705 1446 3776 Pessibili
1461 3705 1492 3776 ia
1508 3704 1579 3776 Deo.

1005 4001 1052 4072 Vl

664 4175 712 4234 EX
737 4173 946 4235 TRAGTATU
973 4175 1025 4235 DE
1052 4175 1393 4237 RESURRECTIONE.

291 4353 328 4424 A.
358 4354 557 4454 Frequenter
577 4353 618 4424 ad
640 4355 783 4427 convivia
801 4355 975 4427 vocabatur
989 4353 1097 4440 Iesus,
1115 4384 1287 4456 coramque
1305 4355 1455 4429 omnibus
1476 4358 1692 4430 manducabat
1710 4371 1741 4430 et
1762 4358 1812 4430 bi-

241 4474 356 4560 bebat,
373 4502 479 4576 neque
500 4475 535 4546 id
557 4475 673 4572 agebat
688 4488 724 4546 ut
739 4474 967 4578 (spectatores)
983 4477 1161 4577 deciperet,
1176 4506 1297 4577 neque,
1313 4478 1495 4578 etquidem
1513 4479 1699 4578 opinantur,
1713 4505 1813 4579 appa-

242 4609 352 4668 renter
374 4610 510 4668 tentum.
530 4595 620 4667 Hanc
637 4624 768 4669 omnem
789 4624 893 4669 escam
913 4597 1076 4680 sumebat,
1097 4612 1133 4668 ut
1153 4598 1193 4669 de
1213 4599 1317 4696 scipso
1337 4598 1455 4670 famam
1477 4614 1670 4699 propagaret
1688 4627 1721 4672 se
1744 4627 1812 4672 esse
1835 4603 1840 4613 ’

243 4732 455 4790 comestorem
467 4717 597 4817 vinique
608 4733 797 4818 potatorem.
808 4719 842 4790 Si
860 4732 966 4790 autem
980 4718 1096 4817 aliquis
1112 4718 1197 4789 dicat
1207 4718 1299 4789 illurn
1311 4733 1435 4791 tantum
1445 4721 1587 4820 putative
1602 4721 1814 4793 manducasse

247 4853 278 4911 et
293 4838 430 4922 bibisse,
442 4853 496 4922 et‚·
507 4839 584 4938 qnia
597 4839 761 4911 veritatem
776 4839 1181 4938 nesciebantspectatores,
1194 4838 1234 4911 ab
1252 4840 1314 4910 iltis
1327 4855 1472 4914 vocatum
1490 4841 1587 4914 fnisse
1602 4856 1812 4914 comestorem

283 5055 290 5084 ¹
311 5051 346 5106 lta
365 5052 440 5106 etiem
458 5051 554 5123 useel,
577 5051 621 5124 qui
639 5052 777 5124 suspicatur
794 5049 846 5105 trrec
865 5049 937 5104 verba
958 5073 990 5124 Q·
1067 5051 1099 5106 ad
1121 5053 1242 5127 originem
1265 5055 1376 5108 Isocratis
1399 5074 1430 5108 ec
1447 5052 1496 5108 Cbo
1516 5054 1625 5118 offendi,
1644 5054 1702 5108 ticet
1722 5053 1815 5127 ubique

245 5163 285 5200 u
301 5144 442 5202 abbreviata
466 5145 540 5200 fuisse
560 5165 590 5200 ex
609 5143 711 5212 hom
726 5166 768 5219 Q·
787 5144 877 5198 Verum
901 5144 992 5215 syriaca
1068 5145 1185 5201 bocratcs
1208 5145 1346 5221 appelletur
1367 5145 1470 5202 orbetur
1488 5146 1664 5202 atheniensisa.
1684 5179 1722 5188 -
1739 5151 1749 5180 ¹
1769 5147 1816 5202 liic

247 5237 343 5310 phrasis
356 5239 449 5294 incerto
460 5238 641 5312 aliquantulum
654 5237 745 5291 incedit
756 5235 826 5310 pede.
838 5237 994 5310 Quapropter
1069 5239 1141 5312 penio
1153 5239 1224 5294 utitor
1237 5239 1307 5295 vertit
1320 5240 1416 5312 Rysset,
1428 5239 1610 5313 obscurumque
1624 5241 1704 5295 locum
1717 5259 1770 5294 asse
1779 5239 1816 5293 ta-

249 5329 310 5382 mibi
324 5331 389 5384 verrit
402 5332 428 5384 in
441 5339 549 5386 mentem
567 5331 606 5386 bis
616 5329 695 5385 verbis
706 5342 747 5387 aa
762 5352 794 5405 ρ
810 5330 903 5393 „esebi
918 5330 992 5386 alludi
1069 5339 1159 5384 temer.
