4006 6098
280 575 346 641 [120
630 569 803 638 PATRUM
833 570 1232 638 ANTENICAENORUM
1262 571 1497 638 XNALECTA.

331 723 370 796 ll.
400 723 483 811 Cum
501 721 680 793 latronibus
698 719 882 804 crucifixus,
901 721 1002 792 crucis
1019 720 1108 818 ligno
1125 733 1253 820 peccata
1269 733 1378 792 nostra
1397 719 1510 804 affixit,
1530 733 1731 821 mortemque
1750 718 1857 791 simul

279 870 315 912 ac
333 843 484 914 Satanam
508 841 637 924 occidit,
658 855 693 913 ut
717 869 774 912 nos
798 839 1017 912 misericordia
1034 869 1092 912 sue
1113 855 1144 912 et
1162 841 1263 938 gratia
1286 841 1327 912 ad
1346 841 1613 913 resurrectionem
1630 869 1722 914 suam
1738 841 1856 914 addu-

278 978 373 1036 ceret.
394 962 512 1034 Milites
527 962 730 1034 abstulerunt
748 975 848 1032 vestes
866 961 952 1031 illius
970 975 1002 1033 et
1019 988 1116 1061 super
1133 961 1274 1032 tunicam
1289 961 1447 1033 miserunt
1465 966 1613 1033 sortem¹.

329 1083 357 1158 Ο
376 1083 538 1155 mirabilia
564 1111 635 1184 quae
659 1082 701 1152 ad
725 1095 868 1152 sanctam
892 1107 1019 1152 erucem
1038 1081 1161 1152 noviter
1182 1081 1397 1180 peraguntur!
1422 1079 1540 1152 Milites
1558 1081 1701 1152 tunicam
1728 1080 1852 1152 Christi

278 1232 342 1276 non
361 1205 520 1288 lacerant,
540 1203 617 1274 dum
644 1203 785 1274 haeretici
804 1201 922 1272 Filium
940 1202 1000 1272 Dei
1022 1201 1165 1273 dividere
1183 1201 1266 1272 etin
1286 1201 1367 1274 duos
1385 1201 1612 1274 indivisibilem
1631 1215 1663 1274 et
1684 1202 1851 1274 inscruta-

205 1321 209 1328 ’
275 1325 374 1397 bilem
393 1325 557 1398 Christum
575 1323 755 1394 discindere
773 1335 908 1394 tentant.
927 1323 1024 1394 ilceto
1041 1335 1233 1422 potaverunt
1249 1322 1352 1394 ludaei
1370 1323 1550 1408 Christum,
1569 1324 1682 1423 illique
1697 1323 1740 1394 lel
1753 1351 1851 1394 ama-

278 1473 350 1518 rum
366 1445 526 1517 dederunt
540 1443 668 1526 bibere,
685 1443 743 1515 sed
761 1444 823 1514 boc
842 1456 936 1514 antea
950 1443 1018 1540 jara
1035 1443 1181 1543 predixit
1199 1443 1314 1514 beatus
1329 1443 1432 1515 David
1449 1444 1558 1516 dicens
1577 1476 1585 1517 ε
1606 1445 1670 1516 «Et
1687 1443 1851 1517 dederuut

277 1566 336 1636 <rin
355 1593 460 1637 escam
489 1591 594 1636 meam
613 1564 671 1649 lel;
694 1565 775 1636 etin
799 1563 850 1636 siti
869 1591 940 1636 mea
960 1577 1153 1664 potaverunt
1171 1591 1223 1636 mc
1241 1569 1387 1636 aretati
1413 1563 1559 1636 Christus
1582 1563 1701 1636 ludaeis
1726 1592 1849 1636 manna

277 1686 381 1771 dedit,
399 1685 503 1757 ludeei
526 1685 652 1758 Christo
676 1685 718 1758 lel
747 1685 1087 1771 dederunt;.Christus
1111 1686 1230 1758 ludaeis
1248 1686 1337 1758 dedit
1357 1685 1438 1770 mel,
1457 1685 1560 1758 ludaei
1576 1686 1701 1758 Christo
1720 1699 1848 1758 acetum

277 1807 453 1890 dederunt,
473 1821 505 1879 et
523 1807 608 1878 cruci
634 1804 872 1906 suspenderunt
891 1835 980 1891 eum,
999 1807 1055 1906 qui
1076 1834 1174 1908 super
1189 1806 1328 1878 nihilum
1346 1806 1513 1906 suspendit
1531 1807 1642 1891 creles,
1661 1807 1782 1907 quique
1798 1821 1849 1878 est

275 1930 338 2001 rita
357 1929 502 2001 omnium
520 1930 722 2001 viventium³.
741 1931 815 2003 Haec
833 1943 927 2002 antea
944 1930 1058 2002 beatus
1074 1929 1199 2028 Moyses
1215 1929 1361 2028 praedixit
1375 1928 1513 2001 dicendo
1530 1960 1537 2000 :
1553 1907 1733 2002 «videbitis
1748 1929 1846 2000 vitam

276 2063 437 2122 «vestram
455 2077 644 2150 suspensam
662 2050 696 2121 in
710 2049 798 2148 ligno
815 2063 890 2121 ante
908 2049 1017 2122 oculos
1033 2064 1152 2122 vestros
1167 2063 1199 2122 et
1215 2076 1281 2122 uon
1300 2049 1493 2122 credetis¹.e

327 2225 384 2297 lll.
439 2226 575 2325 Propter
590 2225 652 2296 hoc
670 2225 756 2296 enim
775 2252 841 2296 non
860 2225 1083 2310 crediderunt,
1103 2226 1189 2297 unde
1209 2225 1360 2297 dicebant
1377 2225 1418 2297 ad
1433 2225 1567 2297 invicem
1582 2257 1590 2297 ι
1605 2259 1621 2294 (ι
1639 2226 1725 2298 Alios
1741 2226 1847 2298 salros

276 2345 390 2430 alecit,
406 2345 547 2444 seipsum
565 2371 630 2415 non
650 2355 754 2442 potest
771 2343 894 2414 salvum
913 2344 1036 2415 lacere.
1053 2397 1089 2418 ..
1112 2343 1292 2416 Descendat
1312 2372 1398 2416 nunc
1421 2346 1462 2417 de
1484 2372 1576 2417 cruce
1592 2345 1645 2444 (ut
1663 2347 1846 2445 videamus)

275 2480 332 2538 eet
349 2466 516 2538 credemus
535 2465 621 2536 eit„
638 2464 684 2535 De
703 2463 781 2534 coelo
795 2463 975 2548 descendit,
989 2493 1007 2536 o
1023 2465 1143 2550 ludaei,
1162 2479 1194 2537 et
1212 2493 1278 2538 non
1293 2465 1472 2538 credidistis
1485 2467 1525 2539 ei.
1545 2467 1580 2539 Si
1598 2469 1694 2540 etiam
1713 2469 1848 2540 descen-

275 2586 365 2658 deret
383 2586 423 2657 de
442 2612 550 2668 cruce,
570 2610 677 2684 neque
692 2583 740 2655 illi
759 2583 943 2656 crederetis.
1336 2581 1339 2588 ’

326 2762 378 2834 lV.
407 2761 552 2833 Christus
575 2760 721 2831 clamavit
738 2787 814 2832 voce
832 2787 949 2858 magna
969 2788 1066 2860 super
1083 2789 1226 2846 crucem,
1249 2779 1281 2836 et
1303 2763 1381 2838 dixit
1404 2798 1411 2837 ε
1432 2765 1725 2840 «consummatum
1740 2774 1845 2842 estha

275 2883 314 2954 111
332 2881 481 2982 posthoc
501 2881 633 2953 tradidit
651 2882 719 2952 Deo
736 2881 884 2980 spiritum
901 2881 974 2981 qui,
993 2897 1106 2983 sponte
1127 2909 1201 2967 sua,
1220 2884 1263 2955 ad
1277 2900 1414 2958 mortem
1432 2902 1621 2972 accesserat,
1641 2890 1847 2962 universam-

275 3030 339 3103 que
358 3016 476 3075 terram
495 3001 674 3074 commorit.
690 3002 878 3074 Haecantea
893 3001 1007 3074 beatus
1020 3003 1123 3075 David
1138 3018 1169 3076 et
1184 3002 1255 3077 Joet
1267 3007 1433 3106 prophetae
1448 3008 1664 3108 predixerunt
1677 3009 1821 3092 dicentes
1836 3043 1844 3082 ε

276 3124 458 3196 «Dominus
482 3122 571 3194 dedit
588 3149 697 3194 vocem
714 3150 806 3195 suam
831 3136 862 3194 et
880 3136 967 3195 mota
986 3137 1033 3195 est
1058 3131 1186 3197 terra⁷n
1206 3139 1238 3198 et
1260 3127 1444 3200 «Dominus
1461 3128 1501 3200 de
1520 3127 1599 3201 Sion
1620 3131 1726 3228 rugiet
1750 3145 1781 3204 et
1803 3132 1847 3204 de

275 3244 477 3316 «Ierusalem
503 3243 592 3314 dabit
616 3271 724 3315 vocem
749 3271 840 3315 suam
859 3258 890 3316 et
907 3245 1088 3316 movebitur
1103 3251 1244 3318 terras„
1270 3249 1394 3320 Lancea
1412 3250 1639 3322 transfixerunt
1657 3251 1740 3322 latus
1758 3253 1847 3350 ejus,

274 3365 452 3437 secundum
472 3363 560 3464 quod
579 3378 673 3436 anteo
688 3365 878 3464 praedixerat
894 3366 1064 3437 Zacharias
1081 3367 1240 3466 propbeta
1259 3368 1369 3441 dicens
1386 3401 1394 3442 :
1416 3371 1603 3470 xllspicient
1621 3371 1663 3443 ad
1680 3399 1732 3444 me
1747 3399 1847 3473 quem

276 3487 582 3558 «crucifixerunthn
609 3484 712 3556 ludaei
739 3485 834 3558 vitam
860 3485 1076 3572 confixerunt;
1099 3514 1157 3558 nos
1175 3501 1283 3560 autern
1302 3490 1433 3563 calicem
1459 3505 1606 3564 sanctum
1631 3492 1791 3564 ebibimus
1813 3508 1848 3564 et

276 3608 420 3680 viximus.
438 3605 450 3708 (
461 3603 550 3707 1811)

1034 3806 1088 3877 lll

327 4011 351 4082 l.
381 4011 525 4085 Surrexit
542 4007 672 4080 hodie¹⁰
690 4007 881 4080 demortuis
900 4024 934 4082 ut
957 4009 990 4081 in
1016 4024 1172 4083 aeternum
1189 4012 1272 4084 vivat
1287 4011 1443 4088 Christus.
1457 4013 1549 4088 Unde
1567 4018 1732 4104 mulieres,
1750 4021 1845 4096 illum

274 4134 446 4204 surrexisse
463 4130 605 4202 ridentes
623 4143 835 4202 cucurrerunt
852 4129 893 4201 ad
910 4131 1077 4231 Apostolos
1099 4147 1134 4205 ut
1149 4133 1239 4207 ideis
1253 4151 1431 4209 narrarent.
1447 4137 1515 4210 Hoc
1530 4152 1624 4212 antea
1642 4141 1845 4242 prophetavit

275 4253 373 4326 lsaias
399 4252 574 4353 propheta,
601 4250 710 4322 dicens
738 4281 745 4322 :
772 4249 948 4324 «Mulieres
967 4280 1039 4352 quae
1064 4255 1219 4328 festinatis
1246 4257 1354 4330 venire
1379 4257 1421 4330 ad
1447 4258 1701 4347 solemnitatem,
1726 4262 1844 4337 intrate

275 4375 493 4476 «prioresflm
512 4373 575 4444 Per
592 4399 645 4443 vos
664 4371 782 4443 etenim
801 4373 942 4472 primum
962 4375 996 4446 in
1018 4375 1129 4448 orbem
1146 4377 1276 4450 intravit
1293 4392 1475 4479 peccatum,
1498 4409 1557 4481 per
1578 4409 1631 4455 vos
1654 4385 1752 4457 etiam
1775 4387 1846 4486 pri-

273 4521 364 4600 murn
383 4493 551 4566 intrabunt
565 4492 643 4564 boni
662 4493 783 4576 nuntii,
802 4507 833 4564 et
851 4521 909 4593 per
925 4522 979 4566 vos
1001 4495 1130 4570 dabitur
1151 4497 1273 4572 mundo
1292 4501 1371 4585 vita,
1389 4501 1543 4602 quoniam
1562 4503 1644 4575 aubi
1668 4505 1845 4580 abundavit

275 4616 470 4700 «delictum,
487 4614 533 4684 ibi
548 4613 823 4712 superabundavit
835 4615 1008 4712 gratiam.»

312 4787 318 4816 ¹
339 4781 383 4837 Clr
395 4780 481 4837 Mottlt.
499 4797 576 4842 xxxix,
593 4779 643 4843 38;
655 4777 713 4833 hirc.
729 4797 801 4843 xxrrr,
814 4780 862 4840 33.
876 4781 1021 4846 3t310onn.
1098 4785 1142 4838 lta.
1155 4784 1304 4840 —⁸Joonu.
1314 4806 1366 4846 xxx,
1379 4790 1422 4843 3ο.
1433 4821 1471 4830 -
1485 4787 1593 4845 ⁷anlon
1604 4809 1654 4853 xxv,
1667 4810 1692 4864 7.
1702 4823 1742 4834 -
1755 4796 1765 4827 ¹
1778 4793 1844 4862 lael,

272 4895 324 4940 xxx,
339 4877 384 4930 23.
397 4907 435 4915 -
448 4877 458 4908 ¹
473 4873 560 4928 Prolm.
580 4891 666 4935 nxrxn,
680 4893 724 4927 ns.
737 4877 797 4912 —³
811 4875 846 4927 lta
858 4873 926 4929 hunc
940 4875 1020 4930 locum
1097 4895 1139 4939 ur,
1154 4877 1196 4932 (6.
1208 4911 1247 4918 -
1258 4881 1267 4912 ⁹
1279 4878 1382 4935 Zarlrar.
1400 4901 1446 4944 nr.
1466 4901 1508 4936 ro.
1523 4881 1566 4938 Csr
1578 4881 1663 4938 Joonrr.
1680 4905 1730 4948 xxx.
1746 4887 1789 4959 37.
1805 4921 1843 4930 -

272 4969 367 5044 prebet
377 4967 577 5023 codexarmenus
587 4965 694 5020 LXXXV
705 4966 858 5040 parisiensis:
871 4967 943 5040 rlpse
953 4967 1022 5022 dedit
1097 4972 1115 5003 ¹⁰
1134 4971 1181 5025 llic
1197 4973 1271 5026 etiarn
1288 4974 1314 5027 in
1331 4975 1403 5029 initio
1422 4976 1474 5031 haec
1490 4975 1615 5050 legimusa
1633 4975 1718 5032 Sancti
1735 4977 1846 5052 Dionysii

273 5063 454 5137 eeismel,ipsi
461 5059 585 5116 dederunt
595 5059 617 5113 ei
628 5059 670 5113 sel.
679 5059 734 5133 lpse
742 5059 811 5114 dedit
818 5059 853 5114 eis
862 5061 1022 5134 menne‚ipsi
1097 5061 1255 5118 Alexandrini
1269 5069 1425 5139 patriarche.
1440 5102 1479 5110 -
1491 5070 1508 5103 ¹¹
1525 5068 1616 5134 lambe,
1635 5089 1710 5134 xxru.
1725 5089 1767 5128 rr.
1785 5073 1844 5128 llsec

275 5155 692 5217 edederunteiaeetum,etsanctoe
699 5151 1021 5228 rruriallixerunteumqui
1096 5163 1193 5212 tanturn
1211 5159 1244 5214 its
1263 5161 1420 5233 reperiuntur
1434 5161 1460 5216 in
1475 5163 1587 5219 versione
1603 5163 1701 5240 vulgata
1716 5165 1783 5239 apud
1797 5169 1844 5222 Ar·

273 5267 306 5302 oe
317 5245 395 5300 nihilo
405 5249 489 5301 omnia
499 5247 540 5317 (1)
551 5247 688 5310 constituit,
700 5247 795 5320 quique
804 5255 841 5302 est
850 5248 898 5302 vita
909 5248 1020 5302 omnium
1095 5269 1194 5316 menos,
1205 5270 1291 5306 verum
1304 5255 1422 5308 exstitisse
1436 5255 1529 5312 debent
1541 5257 1566 5312 in
1579 5257 1687 5314 editione
1703 5276 1783 5332 greca
1793 5268 1844 5314 τῶν

273 5339 453 5394 ‹rviventium-a
466 5372 503 5379 -—
515 5341 525 5372 ¹
540 5337 611 5392 Dect.
621 5358 708 5403 xxxin,
720 5341 764 5394 tto.
776 5373 814 5382 —-
826 5345 835 5374 ⁵
846 5339 932 5394 Mottlr.
944 5361 1019 5406 xxvxi,
1097 5363 1148 5398 axx.
1161 5377 1200 5386 —
1211 5347 1229 5378 ¹²
1240 5344 1280 5399 Ad
1291 5344 1357 5398 Rom.
1372 5365 1392 5406 r,
1407 5367 1455 5402 ao.
