4006 6098
265 548 333 614 dl8
617 543 792 612 rttnutr
819 543 1220 611 tNTENtcAENOttunt
1247 543 1484 611 tultum.

267 725 326 769 sex
348 709 377 768 te
395 696 474 767 mihi
494 695 678 794 egredietur
692 693 750 794 qui
767 694 808 766 sit
828 694 1076 766 Dominator¹.o
1098 693 1194 778 Vide,
1214 723 1233 766 o
1251 695 1476 779 samosateno,
1493 695 1657 794 quomodo
1674 683 1844 796 Propheta

266 831 356 889 vocet
369 844 443 888 eum
462 816 720 900 Dorninotorem3
736 841 800 886 non
818 829 864 887 est
883 815 969 887 enim
985 815 1168 887 dominator
1183 815 1240 915 qui
1259 815 1299 887 sit
1315 816 1405 914 prior
1418 814 1487 888 illo.
1507 815 1546 888 Et
1560 817 1678 889 iterum
1695 817 1741 889 ait
1758 818 1843 890 Pro-

266 935 361 1036 pheta
370 937 385 1009 ἰ
402 937 466 1010 «Et
483 937 550 1035 ipse
565 950 674 1036 pascet
689 936 847 1036 populum
861 962 970 1008 meum
986 936 1141 1007 lsrael².n
1158 936 1227 1007 Hoc
1246 935 1458 1035 adimpletum
1476 937 1574 1010 estin
1591 937 1767 1038 Apostolis,
1779 939 1841 1038 qui

266 1059 306 1131 de
328 1059 446 1130 lsraele
465 1073 572 1142 erant,
592 1085 667 1129 nam
690 1057 754 1128 illis
780 1057 883 1129 dixit:
904 1058 1008 1129 «Ecce
1027 1083 1086 1152 ego
1104 1057 1197 1128 mitto
1219 1084 1273 1128 vos
1298 1057 1381 1130 sicut
1399 1085 1500 1155 agnos
1522 1059 1607 1130 inter
1627 1059 1778 1158 lupos³.s
1797 1061 1841 1132 Et

264 1179 338 1250 licet
356 1179 527 1266 duodecim
541 1178 702 1278 Apostoli,
719 1205 799 1277 quos
817 1178 918 1260 misit,
939 1205 1011 1249 oves
1027 1192 1150 1261 essent,
1163 1191 1306 1249 attamen
1320 1205 1431 1251 omnes
1448 1179 1542 1279 lupos
1558 1179 1599 1250 ad
1616 1208 1728 1279 pacem
1742 1181 1839 1252 rede-

263 1311 391 1395 gerunt.
411 1297 522 1401 (177)
538 1299 691 1396 Egressus
709 1297 798 1368 illius
816 1297 856 1368 ab
875 1297 1001 1395 origine
1017 1297 1148 1381 mundi,
1168 1298 1251 1368 sicut
1263 1297 1295 1368 in
1313 1325 1371 1370 sua
1387 1299 1557 1398 prophetin
1581 1299 1658 1371 dicit
1677 1301 1836 1400 propheta

266 1419 369 1490 David
395 1449 403 1490 ε
432 1420 538 1491 «Ante
564 1419 664 1490 solem
688 1433 857 1516 permanet
884 1445 1003 1490 nomen
1034 1419 1103 1517 ojus
1121 1431 1152 1489 et
1176 1418 1409 1492 benedicentur
1433 1421 1467 1490 in
1496 1420 1565 1520 ipso
1593 1448 1705 1493 omnes
1731 1421 1838 1492 trihus

265 1546 437 1611 norrea„
463 1542 543 1622 Seu,
570 1540 845 1638 quemadmodum
871 1539 917 1611 ait
939 1539 1132 1639 Apostolus:
1153 1539 1325 1611 «Christus
1347 1540 1436 1625 heri,
1460 1555 1492 1614 et
1512 1541 1625 1624 hodie,
1650 1543 1719 1642 ipse
1744 1557 1776 1615 et
1800 1544 1836 1614 in

265 1660 463 1731 «saeculata
482 1660 581 1732 Nobis
601 1660 720 1732 etenim
740 1659 843 1731 illuxit
861 1659 952 1732 stella
971 1661 1056 1758 ejus,
1079 1660 1174 1756 Regis
1192 1660 1319 1758 gloriae,
1339 1689 1411 1761 quae
1432 1662 1471 1733 de
1486 1662 1584 1733 Jacob
1605 1689 1738 1763 corpore
1764 1677 1835 1734 orta

264 1795 328 1864 est,
355 1809 426 1882 quaa
452 1797 498 1854 est
524 1782 611 1853 Deus
634 1808 694 1881 per
719 1781 839 1853 omnia.
865 1781 931 1852 Sed
952 1781 1067 1854 beatus
1093 1780 1217 1880 llopses
1245 1795 1380 1852 testatur
1402 1783 1491 1884 quod
1516 1783 1664 1855 norietur
1685 1783 1777 1856 stella
1799 1811 1838 1856 ex

265 1903 431 1975 «Jacobs'o
453 1918 484 1975 et
505 1903 703 1974 «exaltatum
728 1915 776 1974 est
796 1929 932 1998 regnum
950 1903 1075 2000 ejus7n.
1094 1902 1321 1975 Animadverte
1336 1902 1478 2002 Moysem
1501 1931 1566 1976 non
1585 1904 1699 1976 dixisse
1720 1905 1837 1976 «eral-

265 2023 452 2130 gnabitur»,
474 2025 630 2124 qnoniam
650 2022 698 2094 illi
714 2023 771 2123 qui
792 2023 947 2095 exaltatus
966 2037 1013 2094 est
1034 2050 1115 2122 opus
1135 2050 1201 2095 non
1218 2037 1266 2096 est
1283 2024 1424 2096 exaltari.
1445 2025 1545 2097 Porro
1567 2025 1601 2097 in
1620 2052 1750 2098 omnem
1769 2039 1837 2098 ter-

240 2155 333 2216 'ram
349 2144 453 2217 illuxit
468 2146 579 2217 lumen
593 2146 672 2245 ojus.

315 2321 371 2392 lll.
401 2321 512 2421 «Magi
524 2322 565 2393 ab
582 2321 716 2393 Oriente
731 2321 938 2393 venientes⁸o
955 2319 1145 2393 obtulerunt
1157 2321 1243 2393 dona
1256 2321 1303 2392 illi
1319 2321 1376 2419 qui
1391 2333 1487 2393 natus
1501 2336 1569 2394 erat
1583 2322 1618 2394 in
1632 2323 1834 2399 Bethlehem.

263 2445 303 2515 tt
323 2443 491 2542 Scriptura
512 2441 547 2514 id
569 2442 759 2524 annuntiat,
781 2441 891 2513 dicens
910 2472 918 2512 ε
939 2442 1011 2513 olle
1036 2442 1122 2514 Sabo
1146 2442 1292 2525 venient,
1315 2468 1432 2513 nurum
1459 2455 1491 2515 et
1518 2444 1593 2515 thus
1616 2445 1835 2546 etmyrrltam

264 2563 468 2635 «deserentes
501 2577 533 2636 et
561 2561 698 2636 salutem
726 2561 857 2633 Domini
887 2561 1179 2634 annuntiantes⁹.n
1207 2559 1351 2635 Herodes
1375 2577 1544 2648 sanctum,
1576 2563 1781 2638 innocentem
1802 2581 1836 2640 et

258 2685 402 2784 justum,
429 2684 536 2784 ipsum
558 2661 871 2755 scilicetDominurn
898 2684 955 2782 qui
984 2696 1078 2755 natus
1103 2697 1187 2766 erat,
1214 2683 1359 2755 occidere
1383 2684 1521 2756 volebat.
1550 2686 1616 2757 Sed
1639 2686 1701 2759 hoc
1726 2687 1835 2790 ipsum

264 2805 377 2877 beatus
395 2803 498 2875 David
515 2803 660 2905 predixit
679 2836 685 2875 :
705 2803 921 2876 «Considerat
937 2817 1086 2903 peccator
1101 2803 1245 2902 justum,
1267 2817 1299 2875 et
1317 2805 1431 2903 quaerit
1450 2805 1641 2879 mortificare
1661 2835 1747 2880 eum.
1767 2809 1835 2881 Do-

264 2925 397 2997 «miuus
410 2939 519 2997 autem
539 2952 602 2996 non
618 2925 821 3024 derelinquet
839 2951 913 2996 eum
930 2923 964 2995 in
983 2924 1133 2996 manibus
1151 2922 1308 2997 illius¹⁰.n
1324 2923 1469 2998 Herodes
1485 2926 1541 2999 ille
1560 2941 1608 2999 est
1620 2929 1676 3027 qui
1687 2927 1721 2999 in
1738 2929 1835 3001 Beth-

264 3045 371 3118 lehem
396 3073 516 3146 pueros
540 3045 672 3128 occidit,
696 3047 820 3146 quique
843 3045 1003 3118 tristitiam
1028 3045 1160 3118 Racheli
1180 3045 1305 3130 intulit,
1323 3047 1412 3145 juxta
1443 3047 1533 3146 quod
1555 3063 1650 3120 antea
1677 3049 1835 3122 Ieremias

263 3165 421 3266 propheta
439 3165 592 3237 dixerat:
617 3164 706 3238 «Vox
733 3166 766 3236 in
793 3165 892 3236 Rama
918 3166 1027 3238 audito
1053 3180 1116 3251 est,
1141 3165 1285 3266 ploratus
1310 3181 1343 3238 et
1368 3166 1512 3239 ululatus
1537 3169 1685 3240 multus:
1715 3169 1834 3242 Rachel

265 3288 422 3388 «plorans
436 3287 520 3360 filios
535 3315 627 3372 suos,
640 3301 671 3359 et
687 3287 790 3359 noluit
807 3287 982 3372 consolari,
996 3289 1073 3388 quia
1089 3317 1153 3360 non
1167 3295 1285 3361 sunt¹¹.
1296 3321 1312 3358 n
1325 3291 1395 3362 Non
1407 3289 1494 3362 enim
1508 3305 1599 3364 erant
1613 3291 1646 3362 in
1661 3307 1762 3378 terra,
1776 3291 1834 3365 sed

263 3409 297 3478 in
317 3395 416 3490 coelo,
429 3409 582 3507 quoniam
599 3407 632 3478 in
650 3408 755 3507 primo
771 3408 872 3480 aetatis
887 3408 966 3480 llore
983 3409 1076 3479 occisi
1095 3423 1179 3480 sunt.

316 3603 368 3676 lV.
397 3601 479 3675 Eunt
502 3603 536 3674 in
559 3603 653 3675 ulnas
673 3631 748 3675 suas
775 3631 941 3675 assumens
965 3618 1075 3675 sancta
1098 3603 1198 3675 llario
1222 3604 1333 3704 petivit
1350 3607 1539 3706 AEgppturn,
1561 3607 1653 3680 illurn
1670 3611 1726 3708 qui
1746 3624 1834 3683 tenet

265 3726 375 3796 orbern
392 3725 576 3797 universum
589 3725 623 3796 in
635 3725 786 3796 manibus
798 3725 864 3796 suis
880 3724 1037 3796 descrens.
1056 3725 1124 3797 lloc
1140 3726 1236 3797 ctiam
1252 3725 1350 3798 lsnias
1364 3727 1567 3827 prophetavit
1579 3729 1688 3803 dicens
1704 3763 1711 3801 :
1729 3731 1832 3804 allece

265 3847 448 3918 «Dominus
464 3845 616 3917 ascendet
637 3873 734 3946 super
758 3846 878 3917 nubern
900 3845 1019 3931 levem,
1039 3859 1071 3918 et
1085 3846 1285 3944 ingredietur
1299 3849 1541 3948 AEgyptum¹².n
1561 3850 1711 3923 Sanctam
1727 3852 1834 3950 Virgi-

265 3994 355 4050 nem,
372 3994 444 4066 qnae
459 3980 624 4066 peccatum
647 3994 713 4038 non
728 3967 830 4049 novit,
847 3968 934 4039 nnhe
954 3967 1160 4068 significavit,
1180 3968 1334 4066 quoniam
1359 3969 1428 4042 coali
1452 3997 1557 4042 rorem
1573 3972 1694 4072 absque
1720 3973 1831 4046 dolore

265 4088 381 4167 edidit,
396 4087 518 4188 absque
532 4085 642 4160 labore
658 4089 807 4188 gestavit,
824 4088 946 4188 absque
963 4089 1167 4189 corruptione
1187 4091 1315 4186 genuit,
1332 4091 1517 4163 universum
1534 4093 1587 4165 siti
1607 4109 1831 4195 consumptum

265 4209 375 4280 orbem
403 4208 541 4308 implens
564 4208 701 4286 laetitia:
727 4209 964 4306 «Ingredietnr,
991 4209 1051 4292 ait,
1072 4211 1259 4309 AEgyptum,
1286 4226 1320 4283 et
1346 4213 1633 4286 commovebuntur
1661 4215 1831 4288 simulacra

265 4329 487 4429 «AEgypti¹³‚n
505 4329 582 4430 quia
598 4330 666 4430 ipse
682 4345 729 4401 est
746 4330 827 4429 oqui
846 4331 973 4430 respicit
988 4345 1106 4402 terram
1125 4346 1157 4403 et
1173 4333 1247 4404 lacit
1261 4361 1332 4404 earn
1349 4339 1528 4406 tremeret

315 4524 351 4597 V.
381 4526 458 4597 Post
479 4539 587 4597 antem
612 4524 749 4596 Herodis
773 4539 928 4610 mortem,
952 4554 988 4598 er
1006 4528 1141 4628 AEgypto
1163 4527 1259 4600 rediit
1277 4543 1308 4601 et
1330 4530 1469 4602 venitin
1494 4545 1612 4602 terram
1631 4531 1733 4604 tudae.
1756 4532 1832 4605 Haec

263 4659 392 4716 sanctus
403 4644 486 4719 Osee
495 4649 520 4690 ¹⁵
532 4643 688 4743 propheta
701 4644 863 4744 praedixit,
874 4647 908 4717 in
922 4674 1060 4746 persona
1072 4648 1175 4720 Patris
1189 4649 1347 4748 loquens:
1365 4649 1433 4721 «Er
1443 4651 1578 4750 AEgypto
1590 4653 1695 4724 vocavi
1714 4653 1830 4726 Filium

264 4769 468 4848 «meum¹⁶‚n
484 4764 560 4864 quia
573 4792 608 4836 er
623 4765 757 4863 AEgypto
773 4766 866 4836 illum
876 4769 998 4850 vocavi,
1011 4796 1075 4868 quo
1093 4781 1175 4838 terra
1191 4784 1222 4840 et
1238 4771 1345 4839 omnia
1361 4770 1457 4870 plena
1472 4786 1562 4854 sunt,
1577 4786 1608 4843 et
1623 4801 1641 4843 n
1657 4800 1723 4872 quo
1736 4800 1830 4845 nemo

300 5038 306 5068 ¹
327 5033 399 5088 tttet.
412 5055 434 5098 r,
452 5037 541 5089 a.-¹
553 5031 613 5088 ttid.
624 5052 645 5098 v,
659 5053 688 5096 ις
702 5032 788 5089 Moru.
800 5035 867 5095 ιι,6.
877 5065 915 5072 ——
926 5037 936 5066 ⁸
949 5033 1007 5087 Luc.
1085 5037 1110 5088 6.
1125 5069 1164 5078 -
1184 5039 1201 5070 ¹⁰
1221 5037 1308 5092 Psalm.
1326 5057 1408 5098 ιιιιι,
1425 5041 1473 5101 3ιι,
1493 5040 1538 5095 33.
1552 5072 1590 5081 -
1603 5045 1619 5074 ¹¹
1634 5040 1722 5096 ldottlr.
1740 5061 1773 5104 n,
1789 5045 1831 5096 18.

262 5145 287 5190 ι,
301 5128 326 5180 3.
339 5159 375 5166 -
388 5127 399 5158 ⁴
410 5125 574 5188 Prolmmrrr,
592 5145 633 5198 17,
648 5125 690 5180 18.
701 5125 805 5180 -⁸Ad
816 5126 939 5189 ttetroen,
950 5144 1007 5188 nu,
1084 5129 1135 5184 cn.
1149 5129 1234 5184 lm.
1250 5149 1314 5192 ιιιι.
1333 5134 1375 5186 ι5.
1393 5165 1431 5174 --
1447 5131 1565 5197 ¹¹lauiua,
1583 5153 1633 5194 ιιι.
1651 5154 1675 5188 ι.
1687 5167 1726 5177 -
1740 5139 1759 5170 ¹³
1770 5133 1830 5190 tttd.

262 5220 288 5272 8.
302 5251 340 5260 -
352 5223 362 5254 ¹
374 5219 447 5274 Naum.
463 5223 654 5292 xrrr,17.-⁷
669 5219 820 5274 llnadGon.
837 5239 902 5282 ιιιι,
920 5239 965 5282 ιο,
976 5220 1011 5273 al·
1084 5253 1122 5262 —
1143 5223 1161 5258 ¹⁴
1178 5221 1267 5276 Prolm.
1285 5243 1343 5285 cnr,
1359 5226 1403 5279 32.
1420 5257 1459 5266 -
1478 5229 1496 5258 ¹⁸
1515 5226 1638 5281 hrmeous
1656 5234 1737 5283 textus
1754 5229 1831 5283 saneti

260 5311 361 5364 ludatur
374 5329 417 5365 noe
430 5312 494 5366 latet.
513 5345 551 5354 -
570 5313 678 5367 'hlotth
696 5333 727 5376 ιι,
744 5335 765 5368 ι.
784 5348 822 5356 -
839 5319 849 5348 ⁹
864 5313 952 5379 lacior,
969 5334 1009 5376 ιι,
1086 5315 1196 5387 Dionysii
1211 5313 1286 5368 habet
1300 5313 1389 5369 leniam
1404 5336 1450 5390 pro
1460 5317 1525 5372 Once.
1541 5351 1578 5360 -
1594 5323 1612 5354 ¹⁸
1625 5320 1697 5386 Ouo,
1713 5339 1748 5384 ιι,
1764 5341 1787 5374 ι.
