<?xml version="1.0" encoding="UTF-8"?>
<!DOCTYPE html PUBLIC "-//W3C//DTD XHTML 1.0 Transitional//EN"
    "http://www.w3.org/TR/xhtml1/DTD/xhtml1-transitional.dtd">
<html xmlns="http://www.w3.org/1999/xhtml" xml:lang="en" lang="en">
 <head>
  <title>
</title>
<meta http-equiv="Content-Type" content="text/html;charset=utf-8" />
  <meta name='ocr-system' content='tesseract 3.04.00' />
  <meta name='ocr-capabilities' content='ocr_page ocr_carea ocr_par ocr_line ocrx_word'/>
</head>
<body>
  <div class='ocr_page' id='page_1' title='image "./analectasacrasp03pitrgoog_0464.png"; bbox 0 0 4006 6098; ppageno 0'>
   <div class='ocr_carea' id='block_1_1' title="bbox 532 558 1747 636">
    <p class='ocr_par' dir='ltr' id='par_1_1' title="bbox 532 558 1747 636">
     <span class='ocr_line' id='line_1_1' title="bbox 532 558 1747 636; baseline 0 -10"><span class='ocrx_word' id='word_1_1' title='bbox 532 558 734 626; x_wconf 75' lang='lat' dir='ltr'>SANCTUS</span> <span class='ocrx_word' id='word_1_2' title='bbox 762 559 1010 636; x_wconf 88' lang='lat' dir='ltr'><strong>DlONYSlUS</strong></span> <span class='ocrx_word' id='word_1_3' title='bbox 1041 559 1399 628; x_wconf 78' lang='lat' dir='ltr'><strong>ttuxtrtontttus</strong></span> <span class='ocrx_word' id='word_1_4' title='bbox 1683 563 1747 628; x_wconf 83' lang='lat' dir='ltr'><strong>ttr</strong></span> 
     </span>
    </p>
   </div>
   <div class='ocr_carea' id='block_1_2' title="bbox 179 689 1750 929">
    <p class='ocr_par' dir='ltr' id='par_1_2' title="bbox 179 689 1750 929">
     <span class='ocr_line' id='line_1_2' title="bbox 180 689 1750 809; baseline 0.004 -34"><span class='ocrx_word' id='word_1_5' title='bbox 180 693 253 781; x_wconf 75' lang='lat' dir='ltr'><strong>nest</strong></span> <span class='ocrx_word' id='word_1_6' title='bbox 273 707 334 782; x_wconf 92' lang='lat' dir='ltr'><strong>sub</strong></span> <span class='ocrx_word' id='word_1_7' title='bbox 358 689 458 806; x_wconf 67' lang='lat' dir='ltr'><strong>Lege,</strong></span> <span class='ocrx_word' id='word_1_8' title='bbox 478 709 534 808; x_wconf 87' lang='lat' dir='ltr'><strong>qui</strong></span> <span class='ocrx_word' id='word_1_9' title='bbox 556 705 648 807; x_wconf 82' lang='lat' dir='ltr'><strong>Legis</strong></span> <span class='ocrx_word' id='word_1_10' title='bbox 663 709 810 782; x_wconf 91' lang='lat' dir='ltr'><strong>conditor</strong></span> <span class='ocrx_word' id='word_1_11' title='bbox 831 714 957 795; x_wconf 81' lang='lat' dir='ltr'><strong>erat¹,n</strong></span> <span class='ocrx_word' id='word_1_12' title='bbox 976 737 1012 782; x_wconf 93' lang='lat' dir='ltr'><strong>ac</strong></span> <span class='ocrx_word' id='word_1_13' title='bbox 1030 710 1117 782; x_wconf 85' lang='lat' dir='ltr'><strong>Deus</strong></span> <span class='ocrx_word' id='word_1_14' title='bbox 1137 709 1177 780; x_wconf 88' lang='lat' dir='ltr'><strong>de</strong></span> <span class='ocrx_word' id='word_1_15' title='bbox 1195 708 1274 781; x_wconf 85' lang='lat' dir='ltr'><strong>Deo.</strong></span> <span class='ocrx_word' id='word_1_16' title='bbox 1295 708 1412 781; x_wconf 88' lang='lat' dir='ltr'><strong>Verum</strong></span> <span class='ocrx_word' id='word_1_17' title='bbox 1433 709 1512 809; x_wconf 93' lang='lat' dir='ltr'><strong>quid</strong></span> <span class='ocrx_word' id='word_1_18' title='bbox 1530 709 1644 808; x_wconf 80' lang='lat' dir='ltr'><strong>pluro?</strong></span> <span class='ocrx_word' id='word_1_19' title='bbox 1661 709 1750 782; x_wconf 90' lang='lat' dir='ltr'><strong>Unus</strong></span> 
     </span>
     <span class='ocr_line' id='line_1_3' title="bbox 179 830 1314 929; baseline 0 -27"><span class='ocrx_word' id='word_1_20' title='bbox 179 844 228 903; x_wconf 89' lang='lat' dir='ltr'><strong>est</strong></span> <span class='ocrx_word' id='word_1_21' title='bbox 243 830 404 914; x_wconf 85' lang='lat' dir='ltr'><strong>Christus,</strong></span> <span class='ocrx_word' id='word_1_22' title='bbox 423 857 489 903; x_wconf 92' lang='lat' dir='ltr'><strong>una</strong></span> <span class='ocrx_word' id='word_1_23' title='bbox 504 856 658 929; x_wconf 89' lang='lat' dir='ltr'><strong>persona,</strong></span> <span class='ocrx_word' id='word_1_24' title='bbox 675 842 708 902; x_wconf 88' lang='lat' dir='ltr'><strong>et</strong></span> <span class='ocrx_word' id='word_1_25' title='bbox 724 858 790 902; x_wconf 86' lang='lat' dir='ltr'><strong>una</strong></span> <span class='ocrx_word' id='word_1_26' title='bbox 809 844 923 904; x_wconf 87' lang='lat' dir='ltr'><strong>natura</strong></span> <span class='ocrx_word' id='word_1_27' title='bbox 938 831 1035 902; x_wconf 85' lang='lat' dir='ltr'><strong>Verbi</strong></span> <span class='ocrx_word' id='word_1_28' title='bbox 1054 831 1112 903; x_wconf 88' lang='lat' dir='ltr'><strong>Dei</strong></span> <span class='ocrx_word' id='word_1_29' title='bbox 1128 831 1314 904; x_wconf 79' lang='lat' dir='ltr'><strong>incarnati&#39;2.</strong></span> 
     </span>
    </p>
   </div>
   <div class='ocr_carea' id='block_1_3' title="bbox 922 1101 1138 1210">
    <p class='ocr_par' dir='ltr' id='par_1_3' title="bbox 922 1101 1138 1210">
     <span class='ocr_line' id='line_1_4' title="bbox 922 1101 1138 1210; baseline -0.009 -38"><span class='ocrx_word' id='word_1_30' title='bbox 922 1101 1009 1172; x_wconf 83' lang='grc' dir='ltr'>ιιιι</span> <span class='ocrx_word' id='word_1_31' title='bbox 1136 1206 1138 1210; x_wconf 15' lang='lat'><em>⁴</em></span> 
     </span>
    </p>
   </div>
   <div class='ocr_carea' id='block_1_4' title="bbox 180 1284 1750 1628">
    <p class='ocr_par' dir='ltr' id='par_1_4' title="bbox 180 1284 1750 1628">
     <span class='ocr_line' id='line_1_5' title="bbox 232 1284 1750 1385; baseline 0.001 -28"><span class='ocrx_word' id='word_1_32' title='bbox 232 1285 439 1385; x_wconf 77' lang='lat' dir='ltr'>Quapropter</span> <span class='ocrx_word' id='word_1_33' title='bbox 454 1312 582 1358; x_wconf 87' lang='lat' dir='ltr'><strong>neccsse</strong></span> <span class='ocrx_word' id='word_1_34' title='bbox 596 1285 728 1358; x_wconf 92' lang='lat' dir='ltr'><strong>omnino</strong></span> <span class='ocrx_word' id='word_1_35' title='bbox 746 1299 814 1358; x_wconf 90' lang='lat' dir='ltr'><strong>erat</strong></span> <span class='ocrx_word' id='word_1_36' title='bbox 830 1300 865 1357; x_wconf 92' lang='lat' dir='ltr'><strong>ut</strong></span> <span class='ocrx_word' id='word_1_37' title='bbox 883 1284 1004 1358; x_wconf 84' lang='lat' dir='ltr'><strong>Paulus</strong></span> <span class='ocrx_word' id='word_1_38' title='bbox 1024 1285 1210 1370; x_wconf 70' lang='lat' dir='ltr'>desisteret,</span> <span class='ocrx_word' id='word_1_39' title='bbox 1234 1313 1275 1358; x_wconf 92' lang='lat' dir='ltr'><strong>ne</strong></span> <span class='ocrx_word' id='word_1_40' title='bbox 1296 1314 1391 1358; x_wconf 85' lang='lat' dir='ltr'><strong>causa</strong></span> <span class='ocrx_word' id='word_1_41' title='bbox 1409 1287 1500 1360; x_wconf 83' lang='lat' dir='ltr'><strong>heret</strong></span> <span class='ocrx_word' id='word_1_42' title='bbox 1518 1289 1696 1362; x_wconf 74' lang='lat' dir='ltr'><strong>schismatis</strong></span> <span class='ocrx_word' id='word_1_43' title='bbox 1718 1289 1750 1360; x_wconf 92' lang='lat' dir='ltr'><strong>in</strong></span> 
     </span>
     <span class='ocr_line' id='line_1_6' title="bbox 181 1405 1750 1507; baseline 0.001 -29"><span class='ocrx_word' id='word_1_44' title='bbox 181 1405 321 1478; x_wconf 84' lang='lat' dir='ltr'><strong>Ecclesia</strong></span> <span class='ocrx_word' id='word_1_45' title='bbox 338 1407 409 1479; x_wconf 88' lang='lat' dir='ltr'><strong>Dei.</strong></span> <span class='ocrx_word' id='word_1_46' title='bbox 427 1406 494 1478; x_wconf 91' lang='lat' dir='ltr'><strong>lmo</strong></span> <span class='ocrx_word' id='word_1_47' title='bbox 512 1405 669 1507; x_wconf 88' lang='lat' dir='ltr'><strong>impedire</strong></span> <span class='ocrx_word' id='word_1_48' title='bbox 686 1405 825 1480; x_wconf 88' lang='lat' dir='ltr'><strong>debebat</strong></span> <span class='ocrx_word' id='word_1_49' title='bbox 846 1433 886 1478; x_wconf 89' lang='lat' dir='ltr'><strong>ne</strong></span> <span class='ocrx_word' id='word_1_50' title='bbox 906 1433 1060 1506; x_wconf 86' lang='lat' dir='ltr'><strong>sequaces</strong></span> <span class='ocrx_word' id='word_1_51' title='bbox 1078 1407 1129 1479; x_wconf 89' lang='lat' dir='ltr'><strong>sui</strong></span> <span class='ocrx_word' id='word_1_52' title='bbox 1149 1406 1285 1480; x_wconf 82' lang='lat' dir='ltr'><strong>schisma</strong></span> <span class='ocrx_word' id='word_1_53' title='bbox 1307 1408 1464 1488; x_wconf 83' lang='lat' dir='ltr'><strong>lacerent;</strong></span> <span class='ocrx_word' id='word_1_54' title='bbox 1487 1436 1561 1480; x_wconf 90' lang='lat' dir='ltr'><strong>nam</strong></span> <span class='ocrx_word' id='word_1_55' title='bbox 1589 1437 1750 1480; x_wconf 87' lang='lat' dir='ltr'><strong>summurn</strong></span> 
     </span>
     <span class='ocr_line' id='line_1_7' title="bbox 180 1525 875 1628; baseline 0.004 -31"><span class='ocrx_word' id='word_1_56' title='bbox 180 1527 303 1600; x_wconf 90' lang='lat' dir='ltr'><strong>molum</strong></span> <span class='ocrx_word' id='word_1_57' title='bbox 323 1540 370 1599; x_wconf 87' lang='lat' dir='ltr'><strong>est</strong></span> <span class='ocrx_word' id='word_1_58' title='bbox 387 1525 523 1600; x_wconf 89' lang='lat' dir='ltr'><strong>schisma</strong></span> <span class='ocrx_word' id='word_1_59' title='bbox 540 1527 574 1601; x_wconf 93' lang='lat' dir='ltr'><strong>in</strong></span> <span class='ocrx_word' id='word_1_60' title='bbox 591 1526 741 1600; x_wconf 84' lang='lat' dir='ltr'><strong>Ecclesia.</strong></span> <span class='ocrx_word' id='word_1_61' title='bbox 762 1525 875 1628; x_wconf 79' lang='lat'><strong>(176)</strong></span> 
     </span>
    </p>
   </div>
   <div class='ocr_carea' id='block_1_5' title="bbox 411 1795 1516 2037">
    <p class='ocr_par' dir='ltr' id='par_1_5' title="bbox 411 1795 1516 2037">
     <span class='ocr_line' id='line_1_8' title="bbox 946 1795 990 1876; baseline 0 -49"><span class='ocrx_word' id='word_1_62' title='bbox 946 1795 990 1876; x_wconf 81' lang='lat'><strong>2⁰</strong></span> 
     </span>
     <span class='ocr_line' id='line_1_9' title="bbox 411 1925 1516 2037; baseline 0.001 -2"><span class='ocrx_word' id='word_1_63' title='bbox 411 1925 679 2036; x_wconf 75' lang='lat' dir='ltr'><strong>rutenensi</strong></span> <span class='ocrx_word' id='word_1_64' title='bbox 705 1965 762 2034; x_wconf 86' lang='lat' dir='ltr'><strong>ux</strong></span> <span class='ocrx_word' id='word_1_65' title='bbox 790 1967 970 2034; x_wconf 80' lang='grc' dir='ltr'>ιιιιιιιιιι</span> <span class='ocrx_word' id='word_1_66' title='bbox 995 1966 1219 2036; x_wconf 84' lang='lat' dir='ltr'><strong>vunsronu</strong></span> <span class='ocrx_word' id='word_1_67' title='bbox 1246 1968 1516 2037; x_wconf 77' lang='lat' dir='ltr'><strong>rntnsmrs.</strong></span> 
     </span>
    </p>
   </div>
   <div class='ocr_carea' id='block_1_6' title="bbox 441 2179 1491 2416">
    <p class='ocr_par' dir='ltr' id='par_1_6' title="bbox 441 2179 1491 2416">
     <span class='ocr_line' id='line_1_10' title="bbox 955 2179 969 2248; baseline 0 0"><span class='ocrx_word' id='word_1_68' title='bbox 955 2179 969 2248; x_wconf 92' lang='lat'><em>1</em></span> 
     </span>
     <span class='ocr_line' id='line_1_11' title="bbox 441 2321 1491 2416; baseline 0.002 -2"><span class='ocrx_word' id='word_1_69' title='bbox 441 2321 719 2416; x_wconf 81' lang='lat' dir='ltr'><strong>rntouunruu</strong></span> <span class='ocrx_word' id='word_1_70' title='bbox 739 2346 1062 2414; x_wconf 82' lang='lat' dir='ltr'><strong>conrurtrronrs</strong></span> <span class='ocrx_word' id='word_1_71' title='bbox 1083 2352 1204 2414; x_wconf 74' lang='lat' dir='ltr'><strong>rium</strong></span> <span class='ocrx_word' id='word_1_72' title='bbox 1224 2353 1491 2416; x_wconf 77' lang='lat' dir='ltr'><strong>stuosrrunr.</strong></span> 
     </span>
    </p>
   </div>
   <div class='ocr_carea' id='block_1_7' title="bbox 180 2513 1754 4187">
    <p class='ocr_par' dir='ltr' id='par_1_7' title="bbox 180 2513 1754 4187">
     <span class='ocr_line' id='line_1_12' title="bbox 232 2513 1751 2617; baseline -0.003 -28"><span class='ocrx_word' id='word_1_73' title='bbox 232 2517 257 2589; x_wconf 89' lang='lat' dir='ltr'><strong>l.</strong></span> <span class='ocrx_word' id='word_1_74' title='bbox 286 2515 449 2617; x_wconf 80' lang='lat' dir='ltr'><strong>Scriptum</strong></span> <span class='ocrx_word' id='word_1_75' title='bbox 462 2530 510 2589; x_wconf 90' lang='lat' dir='ltr'><strong>est</strong></span> <span class='ocrx_word' id='word_1_76' title='bbox 524 2547 532 2588; x_wconf 90' lang='lat'><strong>:</strong></span> <span class='ocrx_word' id='word_1_77' title='bbox 546 2515 623 2588; x_wconf 65' lang='lat' dir='ltr'><strong>«Sic</strong></span> <span class='ocrx_word' id='word_1_78' title='bbox 638 2515 725 2588; x_wconf 81' lang='lat' dir='ltr'><strong>llcus</strong></span> <span class='ocrx_word' id='word_1_79' title='bbox 741 2513 850 2588; x_wconf 84' lang='lat' dir='ltr'><strong>dilcrit</strong></span> <span class='ocrx_word' id='word_1_80' title='bbox 868 2513 1028 2587; x_wconf 91' lang='lat' dir='ltr'><strong>mundum</strong></span> <span class='ocrx_word' id='word_1_81' title='bbox 1044 2528 1080 2586; x_wconf 91' lang='lat' dir='ltr'><strong>ut</strong></span> <span class='ocrx_word' id='word_1_82' title='bbox 1091 2515 1210 2588; x_wconf 88' lang='lat' dir='ltr'><strong>Filium</strong></span> <span class='ocrx_word' id='word_1_83' title='bbox 1226 2543 1321 2588; x_wconf 92' lang='lat' dir='ltr'><strong>suum</strong></span> <span class='ocrx_word' id='word_1_84' title='bbox 1335 2515 1539 2616; x_wconf 82' lang='lat' dir='ltr'><strong>unigenitum</strong></span> <span class='ocrx_word' id='word_1_85' title='bbox 1555 2516 1751 2589; x_wconf 77' lang='lat' dir='ltr'><strong>mitteret³.n</strong></span> 
     </span>
     <span class='ocr_line' id='line_1_13' title="bbox 180 2633 1750 2741; baseline -0.001 -30"><span class='ocrx_word' id='word_1_86' title='bbox 180 2633 278 2712; x_wconf 90' lang='lat' dir='ltr'><strong>Nobis</strong></span> <span class='ocrx_word' id='word_1_87' title='bbox 302 2665 398 2741; x_wconf 90' lang='lat' dir='ltr'><strong>porro</strong></span> <span class='ocrx_word' id='word_1_88' title='bbox 423 2638 525 2711; x_wconf 85' lang='lat' dir='ltr'><strong>lactus</strong></span> <span class='ocrx_word' id='word_1_89' title='bbox 551 2650 598 2710; x_wconf 89' lang='lat' dir='ltr'><strong>est</strong></span> <span class='ocrx_word' id='word_1_90' title='bbox 623 2638 709 2710; x_wconf 88' lang='lat' dir='ltr'><strong>Deus</strong></span> <span class='ocrx_word' id='word_1_91' title='bbox 735 2637 827 2710; x_wconf 87' lang='lat' dir='ltr'><strong>lesus</strong></span> <span class='ocrx_word' id='word_1_92' title='bbox 855 2633 1016 2722; x_wconf 88' lang='lat' dir='ltr'><strong>Christus,</strong></span> <span class='ocrx_word' id='word_1_93' title='bbox 1043 2637 1100 2738; x_wconf 92' lang='lat' dir='ltr'><strong>qui</strong></span> <span class='ocrx_word' id='word_1_94' title='bbox 1120 2664 1176 2737; x_wconf 89' lang='lat' dir='ltr'><strong>per</strong></span> <span class='ocrx_word' id='word_1_95' title='bbox 1202 2635 1310 2710; x_wconf 90' lang='lat' dir='ltr'><strong>omnia</strong></span> <span class='ocrx_word' id='word_1_96' title='bbox 1336 2652 1384 2711; x_wconf 90' lang='lat' dir='ltr'><strong>cst</strong></span> <span class='ocrx_word' id='word_1_97' title='bbox 1411 2639 1498 2711; x_wconf 90' lang='lat' dir='ltr'><strong>Deus</strong></span> <span class='ocrx_word' id='word_1_98' title='bbox 1521 2651 1553 2710; x_wconf 87' lang='lat' dir='ltr'><strong>et</strong></span> <span class='ocrx_word' id='word_1_99' title='bbox 1576 2637 1750 2721; x_wconf 62' lang='lat' dir='ltr'><strong>Dominus</strong></span> 
     </span>
     <span class='ocr_line' id='line_1_14' title="bbox 180 2757 1752 2862; baseline -0.002 -30"><span class='ocrx_word' id='word_1_100' title='bbox 180 2757 347 2862; x_wconf 87' lang='lat' dir='ltr'><strong>ipsiusque</strong></span> <span class='ocrx_word' id='word_1_101' title='bbox 362 2757 504 2860; x_wconf 91' lang='lat' dir='ltr'><strong>populus</strong></span> <span class='ocrx_word' id='word_1_102' title='bbox 529 2757 603 2831; x_wconf 84' lang='lat' dir='ltr'><strong>lacti</strong></span> <span class='ocrx_word' id='word_1_103' title='bbox 624 2784 752 2842; x_wconf 80' lang='lat' dir='ltr'><strong>sumus,</strong></span> <span class='ocrx_word' id='word_1_104' title='bbox 776 2784 835 2830; x_wconf 92' lang='lat' dir='ltr'><strong>nos</strong></span> <span class='ocrx_word' id='word_1_105' title='bbox 851 2757 906 2858; x_wconf 90' lang='lat' dir='ltr'><strong>qni</strong></span> <span class='ocrx_word' id='word_1_106' title='bbox 933 2772 1027 2831; x_wconf 87' lang='lat' dir='ltr'><strong>antea</strong></span> <span class='ocrx_word' id='word_1_107' title='bbox 1046 2757 1159 2830; x_wconf 88' lang='lat' dir='ltr'><strong>ovibus</strong></span> <span class='ocrx_word' id='word_1_108' title='bbox 1177 2759 1359 2833; x_wconf 85' lang='lat' dir='ltr'><strong>errantibus</strong></span> <span class='ocrx_word' id='word_1_109' title='bbox 1383 2757 1504 2832; x_wconf 88' lang='lat' dir='ltr'><strong>similes</strong></span> <span class='ocrx_word' id='word_1_110' title='bbox 1519 2785 1658 2831; x_wconf 92' lang='lat' dir='ltr'><strong>cramus.</strong></span> <span class='ocrx_word' id='word_1_111' title='bbox 1680 2758 1752 2830; x_wconf 63' lang='lat' dir='ltr'><strong>«hd</strong></span> 
     </span>
     <span class='ocr_line' id='line_1_15' title="bbox 181 2877 1751 2982; baseline 0.001 -34"><span class='ocrx_word' id='word_1_112' title='bbox 181 2893 367 2982; x_wconf 69' lang='lat' dir='ltr'><strong>«pastorem</strong></span> <span class='ocrx_word' id='word_1_113' title='bbox 388 2877 473 2952; x_wconf 86' lang='lat' dir='ltr'><strong>enirn</strong></span> <span class='ocrx_word' id='word_1_114' title='bbox 494 2893 526 2952; x_wconf 88' lang='lat' dir='ltr'><strong>et</strong></span> <span class='ocrx_word' id='word_1_115' title='bbox 544 2878 734 2952; x_wconf 89' lang='lat' dir='ltr'><strong>salvatorem</strong></span> <span class='ocrx_word' id='word_1_116' title='bbox 753 2877 936 2950; x_wconf 89' lang='lat' dir='ltr'><strong>animarum</strong></span> <span class='ocrx_word' id='word_1_117' title='bbox 955 2879 1168 2962; x_wconf 66' lang='lat' dir='ltr'><strong>rediimust»</strong></span> <span class='ocrx_word' id='word_1_118' title='bbox 1184 2879 1340 2979; x_wconf 86' lang='lat' dir='ltr'><strong>quoniam</strong></span> <span class='ocrx_word' id='word_1_119' title='bbox 1356 2879 1448 2952; x_wconf 91' lang='lat' dir='ltr'><strong>nobis</strong></span> <span class='ocrx_word' id='word_1_120' title='bbox 1465 2895 1558 2953; x_wconf 87' lang='lat' dir='ltr'><strong>nutus</strong></span> <span class='ocrx_word' id='word_1_121' title='bbox 1576 2893 1623 2952; x_wconf 89' lang='lat' dir='ltr'><strong>est</strong></span> <span class='ocrx_word' id='word_1_122' title='bbox 1635 2879 1751 2963; x_wconf 72' lang='lat' dir='ltr'><strong>titios,</strong></span> 
     </span>
     <span class='ocr_line' id='line_1_16' title="bbox 180 2995 1753 3102; baseline -0.001 -29"><span class='ocrx_word' id='word_1_123' title='bbox 180 3001 238 3102; x_wconf 92' lang='lat' dir='ltr'><strong>qui</strong></span> <span class='ocrx_word' id='word_1_124' title='bbox 252 3003 378 3075; x_wconf 66' lang='lat' dir='ltr'><strong>«lactus</strong></span> <span class='ocrx_word' id='word_1_125' title='bbox 392 3014 440 3072; x_wconf 89' lang='lat' dir='ltr'><strong>est</strong></span> <span class='ocrx_word' id='word_1_126' title='bbox 455 2999 549 3073; x_wconf 91' lang='lat' dir='ltr'><strong>nobis</strong></span> <span class='ocrx_word' id='word_1_127' title='bbox 566 3000 759 3083; x_wconf 79' lang='lat' dir='ltr'><strong>salvator⁵n‚</strong></span> <span class='ocrx_word' id='word_1_128' title='bbox 778 2997 958 3071; x_wconf 86' lang='lat' dir='ltr'><strong>secundum</strong></span> <span class='ocrx_word' id='word_1_129' title='bbox 979 2998 1074 3070; x_wconf 89' lang='lat' dir='ltr'><strong>verba</strong></span> <span class='ocrx_word' id='word_1_130' title='bbox 1095 2995 1185 3069; x_wconf 74' lang='lat' dir='ltr'><strong>Isaiae</strong></span> <span class='ocrx_word' id='word_1_131' title='bbox 1203 2999 1368 3100; x_wconf 75' lang='lat' dir='ltr'><strong>prophete</strong></span> <span class='ocrx_word' id='word_1_132' title='bbox 1389 3001 1523 3073; x_wconf 89' lang='lat' dir='ltr'><strong>dicentis</strong></span> <span class='ocrx_word' id='word_1_133' title='bbox 1545 3033 1553 3071; x_wconf 90' lang='lat'>:</span> <span class='ocrx_word' id='word_1_134' title='bbox 1571 2999 1753 3072; x_wconf 67' lang='lat' dir='ltr'><strong>«Parvulos</strong></span> 
     </span>
     <span class='ocr_line' id='line_1_17' title="bbox 181 3115 1754 3220; baseline 0 -30"><span class='ocrx_word' id='word_1_135' title='bbox 181 3119 293 3194; x_wconf 74' lang='lat' dir='ltr'><strong>neuim</strong></span> <span class='ocrx_word' id='word_1_136' title='bbox 318 3135 413 3194; x_wconf 90' lang='lat' dir='ltr'><strong>natus</strong></span> <span class='ocrx_word' id='word_1_137' title='bbox 435 3133 482 3192; x_wconf 90' lang='lat' dir='ltr'><strong>est</strong></span> <span class='ocrx_word' id='word_1_138' title='bbox 507 3118 600 3193; x_wconf 88' lang='lat' dir='ltr'><strong>nobis</strong></span> <span class='ocrx_word' id='word_1_139' title='bbox 622 3117 773 3191; x_wconf 72' lang='lat' dir='ltr'><strong>ectitius</strong></span> <span class='ocrx_word' id='word_1_140' title='bbox 796 3115 890 3189; x_wconf 89' lang='lat' dir='ltr'><strong>datus</strong></span> <span class='ocrx_word' id='word_1_141' title='bbox 908 3130 955 3189; x_wconf 89' lang='lat' dir='ltr'><strong>est</strong></span> <span class='ocrx_word' id='word_1_142' title='bbox 977 3115 1131 3188; x_wconf 71' lang='lat' dir='ltr'><strong>nobistn</strong></span> <span class='ocrx_word' id='word_1_143' title='bbox 1150 3117 1215 3200; x_wconf 85' lang='lat' dir='ltr'><strong>Qui</strong></span> <span class='ocrx_word' id='word_1_144' title='bbox 1237 3117 1278 3188; x_wconf 89' lang='lat' dir='ltr'><strong>ab</strong></span> <span class='ocrx_word' id='word_1_145' title='bbox 1303 3117 1395 3191; x_wconf 89' lang='lat' dir='ltr'><strong>initio</strong></span> <span class='ocrx_word' id='word_1_146' title='bbox 1419 3134 1503 3203; x_wconf 89' lang='lat' dir='ltr'><strong>erat,</strong></span> <span class='ocrx_word' id='word_1_147' title='bbox 1519 3119 1559 3220; x_wconf 71' lang='lat' dir='ltr'><strong>¹id</strong></span> <span class='ocrx_word' id='word_1_148' title='bbox 1581 3119 1683 3190; x_wconf 88' lang='lat' dir='ltr'><strong>lactus</strong></span> <span class='ocrx_word' id='word_1_149' title='bbox 1706 3133 1754 3190; x_wconf 88' lang='lat' dir='ltr'><strong>est.</strong></span> 
     </span>
     <span class='ocr_line' id='line_1_18' title="bbox 180 3236 1752 3341; baseline -0.002 -28"><span class='ocrx_word' id='word_1_150' title='bbox 180 3255 312 3341; x_wconf 90' lang='lat' dir='ltr'><strong>propter</strong></span> <span class='ocrx_word' id='word_1_151' title='bbox 330 3268 404 3325; x_wconf 84' lang='lat' dir='ltr'><strong>nos,</strong></span> <span class='ocrx_word' id='word_1_152' title='bbox 420 3238 477 3341; x_wconf 94' lang='lat' dir='ltr'><strong>qui</strong></span> <span class='ocrx_word' id='word_1_153' title='bbox 491 3239 630 3339; x_wconf 89' lang='lat' dir='ltr'><strong>amplius</strong></span> <span class='ocrx_word' id='word_1_154' title='bbox 646 3266 711 3312; x_wconf 91' lang='lat' dir='ltr'><strong>uon</strong></span> <span class='ocrx_word' id='word_1_155' title='bbox 729 3236 941 3312; x_wconf 81' lang='lat' dir='ltr'><strong>existebamus</strong></span> <span class='ocrx_word' id='word_1_156' title='bbox 959 3238 993 3309; x_wconf 92' lang='lat' dir='ltr'><strong>in</strong></span> <span class='ocrx_word' id='word_1_157' title='bbox 1008 3237 1081 3322; x_wconf 81' lang='lat' dir='ltr'><strong>ito,</strong></span> <span class='ocrx_word' id='word_1_158' title='bbox 1093 3264 1263 3309; x_wconf 86' lang='lat' dir='ltr'><strong>remanens</strong></span> <span class='ocrx_word' id='word_1_159' title='bbox 1279 3252 1386 3312; x_wconf 91' lang='lat' dir='ltr'><strong>tamen</strong></span> <span class='ocrx_word' id='word_1_160' title='bbox 1401 3239 1434 3311; x_wconf 93' lang='lat' dir='ltr'><strong>id</strong></span> <span class='ocrx_word' id='word_1_161' title='bbox 1453 3238 1542 3340; x_wconf 91' lang='lat' dir='ltr'><strong>quod</strong></span> <span class='ocrx_word' id='word_1_162' title='bbox 1557 3251 1651 3310; x_wconf 87' lang='lat' dir='ltr'><strong>antea</strong></span> <span class='ocrx_word' id='word_1_163' title='bbox 1668 3253 1752 3320; x_wconf 84' lang='lat' dir='ltr'><strong>erat.</strong></span> 
     </span>
     <span class='ocr_line' id='line_1_19' title="bbox 181 3357 1752 3461; baseline -0.001 -29"><span class='ocrx_word' id='word_1_164' title='bbox 181 3360 458 3461; x_wconf 90' lang='lat' dir='ltr'><strong>quemadmodum</strong></span> <span class='ocrx_word' id='word_1_165' title='bbox 481 3360 559 3433; x_wconf 90' lang='lat' dir='ltr'><strong>dicit</strong></span> <span class='ocrx_word' id='word_1_166' title='bbox 580 3360 739 3461; x_wconf 89' lang='lat' dir='ltr'><strong>propbeta</strong></span> <span class='ocrx_word' id='word_1_167' title='bbox 762 3357 845 3432; x_wconf 91' lang='lat' dir='ltr'><strong>Osee</strong></span> <span class='ocrx_word' id='word_1_168' title='bbox 870 3358 911 3431; x_wconf 91' lang='lat' dir='ltr'><strong>de</strong></span> <span class='ocrx_word' id='word_1_169' title='bbox 933 3357 1059 3431; x_wconf 90' lang='lat' dir='ltr'><strong>Christo</strong></span> <span class='ocrx_word' id='word_1_170' title='bbox 1081 3386 1089 3428; x_wconf 92' lang='lat'>:</span> <span class='ocrx_word' id='word_1_171' title='bbox 1109 3357 1223 3458; x_wconf 69' lang='lat' dir='ltr'><strong>equod</strong></span> <span class='ocrx_word' id='word_1_172' title='bbox 1246 3373 1294 3431; x_wconf 90' lang='lat' dir='ltr'><strong>est</strong></span> <span class='ocrx_word' id='word_1_173' title='bbox 1318 3386 1434 3458; x_wconf 92' lang='lat' dir='ltr'><strong>corpus</strong></span> <span class='ocrx_word' id='word_1_174' title='bbox 1457 3364 1627 3431; x_wconf 75' lang='lat' dir='ltr'><strong>corum⁷.o</strong></span> <span class='ocrx_word' id='word_1_175' title='bbox 1651 3357 1752 3431; x_wconf 83' lang='lat' dir='ltr'><strong>Porro</strong></span> 
     </span>
     <span class='ocr_line' id='line_1_20' title="bbox 180 3477 1752 3582; baseline -0.003 -29"><span class='ocrx_word' id='word_1_176' title='bbox 180 3483 338 3582; x_wconf 89' lang='lat' dir='ltr'><strong>propbeta</strong></span> <span class='ocrx_word' id='word_1_177' title='bbox 360 3481 506 3582; x_wconf 90' lang='lat' dir='ltr'><strong>loquitur</strong></span> <span class='ocrx_word' id='word_1_178' title='bbox 525 3480 565 3554; x_wconf 90' lang='lat' dir='ltr'><strong>de</strong></span> <span class='ocrx_word' id='word_1_179' title='bbox 588 3507 723 3582; x_wconf 91' lang='lat' dir='ltr'><strong>corpore</strong></span> <span class='ocrx_word' id='word_1_180' title='bbox 748 3477 881 3565; x_wconf 87' lang='lat' dir='ltr'><strong>Christi,</strong></span> <span class='ocrx_word' id='word_1_181' title='bbox 907 3479 963 3580; x_wconf 92' lang='lat' dir='ltr'><strong>qui</strong></span> <span class='ocrx_word' id='word_1_182' title='bbox 989 3479 1174 3551; x_wconf 88' lang='lat' dir='ltr'><strong>incarnatus</strong></span> <span class='ocrx_word' id='word_1_183' title='bbox 1197 3493 1245 3552; x_wconf 89' lang='lat' dir='ltr'><strong>ost</strong></span> <span class='ocrx_word' id='word_1_184' title='bbox 1264 3507 1301 3552; x_wconf 87' lang='lat' dir='ltr'><strong>ex</strong></span> <span class='ocrx_word' id='word_1_185' title='bbox 1319 3477 1421 3553; x_wconf 88' lang='lat' dir='ltr'><strong>Maria</strong></span> <span class='ocrx_word' id='word_1_186' title='bbox 1442 3479 1572 3579; x_wconf 81' lang='lat' dir='ltr'><strong>Virgine</strong></span> <span class='ocrx_word' id='word_1_187' title='bbox 1598 3493 1629 3552; x_wconf 89' lang='lat' dir='ltr'><strong>ct</strong></span> <span class='ocrx_word' id='word_1_188' title='bbox 1653 3507 1689 3552; x_wconf 84' lang='lat' dir='ltr'><strong>er</strong></span> <span class='ocrx_word' id='word_1_189' title='bbox 1715 3507 1752 3551; x_wconf 88' lang='lat' dir='ltr'><strong>ca</strong></span> 
     </span>
     <span class='ocr_line' id='line_1_21' title="bbox 181 3597 1752 3703; baseline -0.003 -28"><span class='ocrx_word' id='word_1_190' title='bbox 181 3617 342 3676; x_wconf 89' lang='lat' dir='ltr'><strong>natusest</strong></span> <span class='ocrx_word' id='word_1_191' title='bbox 360 3603 458 3676; x_wconf 92' lang='lat' dir='ltr'><strong>homo</strong></span> <span class='ocrx_word' id='word_1_192' title='bbox 481 3603 652 3703; x_wconf 86' lang='lat' dir='ltr'><strong>perfectus.</strong></span> <span class='ocrx_word' id='word_1_193' title='bbox 673 3603 855 3702; x_wconf 79' lang='lat' dir='ltr'><strong>Conceptus</strong></span> <span class='ocrx_word' id='word_1_194' title='bbox 877 3616 924 3674; x_wconf 93' lang='lat' dir='ltr'><strong>est</strong></span> <span class='ocrx_word' id='word_1_195' title='bbox 944 3599 1024 3700; x_wconf 89' lang='lat' dir='ltr'><strong>quin</strong></span> <span class='ocrx_word' id='word_1_196' title='bbox 1042 3597 1175 3702; x_wconf 82' lang='lat' dir='ltr'><strong>(Virgo)</strong></span> <span class='ocrx_word' id='word_1_197' title='bbox 1196 3614 1402 3699; x_wconf 82' lang='lat' dir='ltr'><strong>cognosceret</strong></span> <span class='ocrx_word' id='word_1_198' title='bbox 1421 3599 1638 3703; x_wconf 82' lang='lat' dir='ltr'><strong>(bominem);</strong></span> <span class='ocrx_word' id='word_1_199' title='bbox 1657 3613 1752 3672; x_wconf 89' lang='lat' dir='ltr'><strong>natus</strong></span> 
     </span>
     <span class='ocr_line' id='line_1_22' title="bbox 181 3721 1753 3826; baseline -0.003 -30"><span class='ocrx_word' id='word_1_200' title='bbox 181 3737 246 3810; x_wconf 88' lang='lat' dir='ltr'><strong>cst,</strong></span> <span class='ocrx_word' id='word_1_201' title='bbox 272 3737 304 3797; x_wconf 87' lang='lat' dir='ltr'><strong>et</strong></span> <span class='ocrx_word' id='word_1_202' title='bbox 320 3722 453 3826; x_wconf 79' lang='lat' dir='ltr'><strong>(Virgo)</strong></span> <span class='ocrx_word' id='word_1_203' title='bbox 477 3749 569 3824; x_wconf 91' lang='lat' dir='ltr'><strong>passa</strong></span> <span class='ocrx_word' id='word_1_204' title='bbox 594 3751 660 3796; x_wconf 91' lang='lat' dir='ltr'><strong>non</strong></span> <span class='ocrx_word' id='word_1_205' title='bbox 685 3736 750 3808; x_wconf 83' lang='lat' dir='ltr'><strong>est,</strong></span> <span class='ocrx_word' id='word_1_206' title='bbox 769 3748 862 3808; x_wconf 85' lang='lat' dir='ltr'><strong>uam,</strong></span> <span class='ocrx_word' id='word_1_207' title='bbox 888 3736 925 3796; x_wconf 88' lang='lat' dir='ltr'><strong>ut</strong></span> <span class='ocrx_word' id='word_1_208' title='bbox 948 3724 1035 3794; x_wconf 87' lang='lat' dir='ltr'><strong>Deus</strong></span> <span class='ocrx_word' id='word_1_209' title='bbox 1057 3736 1088 3795; x_wconf 90' lang='lat' dir='ltr'><strong>et</strong></span> <span class='ocrx_word' id='word_1_210' title='bbox 1113 3722 1287 3806; x_wconf 84' lang='lat' dir='ltr'><strong>Dominus,</strong></span> <span class='ocrx_word' id='word_1_211' title='bbox 1308 3723 1455 3796; x_wconf 89' lang='lat' dir='ltr'><strong>Christus</strong></span> <span class='ocrx_word' id='word_1_212' title='bbox 1476 3735 1594 3794; x_wconf 71' lang='lat' dir='ltr'><strong>sanctae</strong></span> <span class='ocrx_word' id='word_1_213' title='bbox 1611 3721 1753 3818; x_wconf 80' lang='lat' dir='ltr'><strong>Virginis</strong></span> 
     </span>
     <span class='ocr_line' id='line_1_23' title="bbox 182 3842 1751 3944; baseline -0.001 -28"><span class='ocrx_word' id='word_1_214' title='bbox 182 3859 310 3918; x_wconf 89' lang='lat' dir='ltr'><strong>uterum</strong></span> <span class='ocrx_word' id='word_1_215' title='bbox 331 3845 501 3918; x_wconf 84' lang='lat' dir='ltr'><strong>custodivit</strong></span> <span class='ocrx_word' id='word_1_216' title='bbox 524 3858 559 3917; x_wconf 91' lang='lat' dir='ltr'><strong>ut</strong></span> <span class='ocrx_word' id='word_1_217' title='bbox 576 3858 670 3917; x_wconf 87' lang='lat' dir='ltr'><strong>autea</strong></span> <span class='ocrx_word' id='word_1_218' title='bbox 689 3856 774 3928; x_wconf 82' lang='lat' dir='ltr'><strong>erat,</strong></span> <span class='ocrx_word' id='word_1_219' title='bbox 794 3856 874 3917; x_wconf 87' lang='lat' dir='ltr'><strong>teste</strong></span> <span class='ocrx_word' id='word_1_220' title='bbox 891 3843 1049 3944; x_wconf 90' lang='lat' dir='ltr'><strong>propheta</strong></span> <span class='ocrx_word' id='word_1_221' title='bbox 1068 3842 1232 3917; x_wconf 85' lang='lat' dir='ltr'><strong>Ezechiele</strong></span> <span class='ocrx_word' id='word_1_222' title='bbox 1251 3843 1400 3916; x_wconf 85' lang='lat' dir='ltr'><strong>dicente:</strong></span> <span class='ocrx_word' id='word_1_223' title='bbox 1423 3842 1543 3915; x_wconf 66' lang='lat' dir='ltr'><strong>«Porta</strong></span> <span class='ocrx_word' id='word_1_224' title='bbox 1561 3843 1630 3915; x_wconf 90' lang='lat' dir='ltr'><strong>haec</strong></span> <span class='ocrx_word' id='word_1_225' title='bbox 1645 3842 1751 3914; x_wconf 86' lang='lat' dir='ltr'><strong>clausa</strong></span> 
     </span>
     <span class='ocr_line' id='line_1_24' title="bbox 182 3961 1753 4067; baseline -0.001 -31"><span class='ocrx_word' id='word_1_226' title='bbox 182 3968 269 4041; x_wconf 74' lang='lat' dir='ltr'><strong>serit</strong></span> <span class='ocrx_word' id='word_1_227' title='bbox 287 3997 296 4040; x_wconf 76' lang='grc' dir='ltr'><strong><em>ε</em></strong></span> <span class='ocrx_word' id='word_1_228' title='bbox 315 3982 347 4041; x_wconf 89' lang='lat' dir='ltr'><strong>et</strong></span> <span class='ocrx_word' id='word_1_229' title='bbox 363 3967 409 4040; x_wconf 82' lang='lat' dir='ltr'><strong>vir</strong></span> <span class='ocrx_word' id='word_1_230' title='bbox 423 3994 489 4040; x_wconf 91' lang='lat' dir='ltr'><strong>non</strong></span> <span class='ocrx_word' id='word_1_231' title='bbox 509 3967 641 4040; x_wconf 82' lang='lat' dir='ltr'><strong>intrabit</strong></span> <span class='ocrx_word' id='word_1_232' title='bbox 657 3965 779 4067; x_wconf 88' lang='lat' dir='ltr'><strong>[neque</strong></span> <span class='ocrx_word' id='word_1_233' title='bbox 798 3963 995 4066; x_wconf 79' lang='lat' dir='ltr'><strong>egredietur]</strong></span> <span class='ocrx_word' id='word_1_234' title='bbox 1014 3992 1073 4065; x_wconf 88' lang='lat' dir='ltr'><strong>per</strong></span> <span class='ocrx_word' id='word_1_235' title='bbox 1091 3991 1179 4049; x_wconf 89' lang='lat' dir='ltr'><strong>eam,</strong></span> <span class='ocrx_word' id='word_1_236' title='bbox 1198 3961 1373 4067; x_wconf 88' lang='lat' dir='ltr'><strong>(quoniam</strong></span> <span class='ocrx_word' id='word_1_237' title='bbox 1390 3965 1459 4065; x_wconf 89' lang='lat' dir='ltr'><strong>ipse</strong></span> <span class='ocrx_word' id='word_1_238' title='bbox 1474 3961 1579 4066; x_wconf 74' lang='lat' dir='ltr'><strong>solus)</strong></span> <span class='ocrx_word' id='word_1_239' title='bbox 1594 3964 1753 4037; x_wconf 85' lang='lat' dir='ltr'><strong>Dominus</strong></span> 
     </span>
     <span class='ocr_line' id='line_1_25' title="bbox 182 4083 1675 4187; baseline -0.002 -30"><span class='ocrx_word' id='word_1_240' title='bbox 182 4088 296 4161; x_wconf 64' lang='lat' dir='ltr'><strong>«Deus</strong></span> <span class='ocrx_word' id='word_1_241' title='bbox 310 4088 408 4161; x_wconf 83' lang='lat' dir='ltr'><strong>lsrael</strong></span> <span class='ocrx_word' id='word_1_242' title='bbox 424 4089 586 4186; x_wconf 81' lang='lat' dir='ltr'><strong>ingressus</strong></span> <span class='ocrx_word' id='word_1_243' title='bbox 604 4100 652 4160; x_wconf 89' lang='lat' dir='ltr'><strong>est</strong></span> <span class='ocrx_word' id='word_1_244' title='bbox 671 4086 715 4187; x_wconf 89' lang='lat' dir='ltr'><strong>[ct</strong></span> <span class='ocrx_word' id='word_1_245' title='bbox 727 4113 874 4184; x_wconf 81' lang='lat' dir='ltr'><strong>egressus</strong></span> <span class='ocrx_word' id='word_1_246' title='bbox 889 4083 947 4186; x_wconf 84' lang='lat' dir='ltr'><strong>est]</strong></span> <span class='ocrx_word' id='word_1_247' title='bbox 968 4113 1026 4186; x_wconf 91' lang='lat' dir='ltr'><strong>per</strong></span> <span class='ocrx_word' id='word_1_248' title='bbox 1043 4113 1133 4170; x_wconf 82' lang='lat' dir='ltr'><strong>eam,</strong></span> <span class='ocrx_word' id='word_1_249' title='bbox 1151 4085 1277 4185; x_wconf 88' lang='lat' dir='ltr'><strong>eritque</strong></span> <span class='ocrx_word' id='word_1_250' title='bbox 1293 4084 1398 4186; x_wconf 87' lang='lat' dir='ltr'><strong>[porta</strong></span> <span class='ocrx_word' id='word_1_251' title='bbox 1412 4085 1493 4182; x_wconf 77' lang='lat' dir='ltr'><strong>bec]</strong></span> <span class='ocrx_word' id='word_1_252' title='bbox 1510 4085 1675 4158; x_wconf 55' lang='lat' dir='ltr'><strong>clausae„</strong></span> 
     </span>
    </p>
   </div>
   <div class='ocr_carea' id='block_1_8' title="bbox 181 4299 1755 4523">
    <p class='ocr_par' dir='ltr' id='par_1_8' title="bbox 181 4299 1755 4523">
     <span class='ocr_line' id='line_1_26' title="bbox 233 4299 1755 4404; baseline -0.002 -28"><span class='ocrx_word' id='word_1_253' title='bbox 233 4303 274 4376; x_wconf 91' lang='lat' dir='ltr'><strong>ll.</strong></span> <span class='ocrx_word' id='word_1_254' title='bbox 304 4303 340 4376; x_wconf 93' lang='lat' dir='ltr'><strong>ln</strong></span> <span class='ocrx_word' id='word_1_255' title='bbox 359 4302 547 4376; x_wconf 90' lang='lat' dir='ltr'><strong>Bethlehem</strong></span> <span class='ocrx_word' id='word_1_256' title='bbox 566 4316 661 4374; x_wconf 88' lang='lat' dir='ltr'><strong>natus</strong></span> <span class='ocrx_word' id='word_1_257' title='bbox 680 4313 727 4374; x_wconf 89' lang='lat' dir='ltr'><strong>est</strong></span> <span class='ocrx_word' id='word_1_258' title='bbox 744 4299 800 4373; x_wconf 93' lang='lat' dir='ltr'><strong>ille</strong></span> <span class='ocrx_word' id='word_1_259' title='bbox 818 4300 919 4372; x_wconf 87' lang='lat' dir='ltr'><strong>Filius</strong></span> <span class='ocrx_word' id='word_1_260' title='bbox 937 4300 993 4401; x_wconf 92' lang='lat' dir='ltr'><strong>qui</strong></span> <span class='ocrx_word' id='word_1_261' title='bbox 1012 4314 1082 4375; x_wconf 87' lang='lat' dir='ltr'><strong>erut</strong></span> <span class='ocrx_word' id='word_1_262' title='bbox 1098 4315 1172 4404; x_wconf 87' lang='lat' dir='ltr'><strong>ante</strong></span> <span class='ocrx_word' id='word_1_263' title='bbox 1189 4299 1373 4372; x_wconf 89' lang='lat' dir='ltr'><strong>universum</strong></span> <span class='ocrx_word' id='word_1_264' title='bbox 1397 4300 1526 4386; x_wconf 90' lang='lat' dir='ltr'><strong>orbem,</strong></span> <span class='ocrx_word' id='word_1_265' title='bbox 1540 4301 1755 4400; x_wconf 90' lang='lat' dir='ltr'><strong>quemadmo-</strong></span> 
     </span>
     <span class='ocr_line' id='line_1_27' title="bbox 181 4417 1750 4523; baseline -0.003 -24"><span class='ocrx_word' id='word_1_266' title='bbox 181 4425 262 4499; x_wconf 93' lang='lat' dir='ltr'><strong>dum</strong></span> <span class='ocrx_word' id='word_1_267' title='bbox 280 4425 325 4497; x_wconf 93' lang='lat' dir='ltr'><strong>ait</strong></span> <span class='ocrx_word' id='word_1_268' title='bbox 340 4423 496 4496; x_wconf 86' lang='lat' dir='ltr'><strong>llichaias</strong></span> <span class='ocrx_word' id='word_1_269' title='bbox 510 4422 669 4523; x_wconf 87' lang='lat' dir='ltr'><strong>propheta</strong></span> <span class='ocrx_word' id='word_1_270' title='bbox 684 4452 692 4493; x_wconf 76' lang='grc' dir='ltr'><strong>ε</strong></span> <span class='ocrx_word' id='word_1_271' title='bbox 712 4417 776 4493; x_wconf 68' lang='lat' dir='ltr'><strong>«Et</strong></span> <span class='ocrx_word' id='word_1_272' title='bbox 795 4435 845 4506; x_wconf 87' lang='lat' dir='ltr'><strong>tu,</strong></span> <span class='ocrx_word' id='word_1_273' title='bbox 861 4420 1052 4493; x_wconf 88' lang='lat' dir='ltr'><strong>Bethlehem</strong></span> <span class='ocrx_word' id='word_1_274' title='bbox 1067 4421 1225 4520; x_wconf 75' lang='lat' dir='ltr'><strong>Ephrem,</strong></span> <span class='ocrx_word' id='word_1_275' title='bbox 1239 4421 1373 4520; x_wconf 83' lang='lat' dir='ltr'><strong>parvula</strong></span> <span class='ocrx_word' id='word_1_276' title='bbox 1386 4447 1420 4492; x_wconf 92' lang='lat' dir='ltr'><strong>es</strong></span> <span class='ocrx_word' id='word_1_277' title='bbox 1434 4420 1467 4492; x_wconf 93' lang='lat' dir='ltr'><strong>in</strong></span> <span class='ocrx_word' id='word_1_278' title='bbox 1485 4421 1628 4493; x_wconf 92' lang='lat' dir='ltr'><strong>millibus</strong></span> <span class='ocrx_word' id='word_1_279' title='bbox 1642 4421 1659 4493; x_wconf 88' lang='lat' dir='ltr'>J</span> <span class='ocrx_word' id='word_1_280' title='bbox 1663 4421 1726 4494; x_wconf 94' lang='lat' dir='ltr'><strong>uda</strong></span> <span class='ocrx_word' id='word_1_281' title='bbox 1743 4453 1750 4494; x_wconf 95' lang='lat'><strong>:</strong></span> 
     </span>
    </p>
   </div>
   <div class='ocr_carea' id='block_1_9' title="bbox 179 4667 1773 5392">
    <p class='ocr_par' dir='ltr' id='par_1_9' title="bbox 179 4667 1773 5392">
     <span class='ocr_line' id='line_1_28' title="bbox 219 4667 1753 4745; baseline -0.002 -15"><span class='ocrx_word' id='word_1_282' title='bbox 219 4679 227 4710; x_wconf 91' lang='lat'>¹</span> <span class='ocrx_word' id='word_1_283' title='bbox 246 4673 285 4730; x_wconf 87' lang='lat' dir='ltr'><strong>dd</strong></span> <span class='ocrx_word' id='word_1_284' title='bbox 296 4675 377 4730; x_wconf 79' lang='lat' dir='ltr'><strong>Oolct.</strong></span> <span class='ocrx_word' id='word_1_285' title='bbox 388 4691 424 4736; x_wconf 83' lang='lat' dir='ltr'><strong>rr,</strong></span> <span class='ocrx_word' id='word_1_286' title='bbox 435 4674 460 4727; x_wconf 79' lang='lat' dir='ltr'><strong>b.</strong></span> <span class='ocrx_word' id='word_1_287' title='bbox 468 4701 506 4714; x_wconf 81' lang='lat'><strong>-—</strong></span> <span class='ocrx_word' id='word_1_288' title='bbox 520 4675 530 4706; x_wconf 77' lang='lat'>²</span> <span class='ocrx_word' id='word_1_289' title='bbox 545 4671 580 4726; x_wconf 83' lang='lat' dir='ltr'><strong>Er</strong></span> <span class='ocrx_word' id='word_1_290' title='bbox 592 4667 639 4726; x_wconf 88' lang='lat' dir='ltr'><strong>hoc</strong></span> <span class='ocrx_word' id='word_1_291' title='bbox 651 4673 727 4728; x_wconf 86' lang='lat' dir='ltr'><strong>sancti</strong></span> <span class='ocrx_word' id='word_1_292' title='bbox 737 4672 846 4745; x_wconf 71' lang='lat' dir='ltr'><strong>Dionysii</strong></span> <span class='ocrx_word' id='word_1_293' title='bbox 859 4671 925 4745; x_wconf 73' lang='lat' dir='ltr'><strong>frag·</strong></span> <span class='ocrx_word' id='word_1_294' title='bbox 1004 4669 1266 4744; x_wconf 78' lang='lat' dir='ltr'><strong>EpistoluudPoulum</strong></span> <span class='ocrx_word' id='word_1_295' title='bbox 1272 4669 1465 4726; x_wconf 73' lang='lat' dir='ltr'><strong>Summarum</strong></span> <span class='ocrx_word' id='word_1_296' title='bbox 1474 4670 1613 4744; x_wconf 75' lang='lat' dir='ltr'><strong>desumpta.</strong></span> <span class='ocrx_word' id='word_1_297' title='bbox 1622 4672 1714 4726; x_wconf 86' lang='lat' dir='ltr'><strong>Verum</strong></span> <span class='ocrx_word' id='word_1_298' title='bbox 1725 4691 1753 4727; x_wconf 86' lang='lat' dir='ltr'><strong>ea</strong></span> 
     </span>
     <span class='ocr_line' id='line_1_29' title="bbox 180 4762 1753 4842; baseline -0.003 -20"><span class='ocrx_word' id='word_1_299' title='bbox 180 4775 264 4823; x_wconf 84' lang='lat' dir='ltr'><strong>mento</strong></span> <span class='ocrx_word' id='word_1_300' title='bbox 272 4787 338 4823; x_wconf 90' lang='lat' dir='ltr'><strong>nunc</strong></span> <span class='ocrx_word' id='word_1_301' title='bbox 350 4767 442 4823; x_wconf 72' lang='lat' dir='ltr'><strong>mimus</strong></span> <span class='ocrx_word' id='word_1_302' title='bbox 451 4785 526 4842; x_wconf 89' lang='lat' dir='ltr'><strong>quem</strong></span> <span class='ocrx_word' id='word_1_303' title='bbox 536 4765 679 4839; x_wconf 85' lang='lat' dir='ltr'><strong>primumiu</strong></span> <span class='ocrx_word' id='word_1_304' title='bbox 692 4765 826 4820; x_wconf 86' lang='lat' dir='ltr'><strong>Ecclesium</strong></span> <span class='ocrx_word' id='word_1_305' title='bbox 835 4765 930 4820; x_wconf 86' lang='lat' dir='ltr'><strong>invenit</strong></span> <span class='ocrx_word' id='word_1_306' title='bbox 1004 4762 1096 4818; x_wconf 91' lang='lat' dir='ltr'><strong>nullibi</strong></span> <span class='ocrx_word' id='word_1_307' title='bbox 1107 4764 1217 4837; x_wconf 79' lang='lat' dir='ltr'><strong>reperire</strong></span> <span class='ocrx_word' id='word_1_308' title='bbox 1233 4762 1311 4818; x_wconf 87' lang='lat' dir='ltr'><strong>licuit.</strong></span> <span class='ocrx_word' id='word_1_309' title='bbox 1326 4795 1363 4804; x_wconf 85' lang='lat'><em>-</em></span> <span class='ocrx_word' id='word_1_310' title='bbox 1380 4765 1389 4798; x_wconf 73' lang='lat'>⁸</span> <span class='ocrx_word' id='word_1_311' title='bbox 1404 4763 1415 4818; x_wconf 96' lang='lat' dir='ltr'><strong>l</strong></span> <span class='ocrx_word' id='word_1_312' title='bbox 1430 4762 1493 4817; x_wconf 82' lang='lat' dir='ltr'><strong>Patr.</strong></span> <span class='ocrx_word' id='word_1_313' title='bbox 1506 4782 1539 4828; x_wconf 90' lang='grc' dir='ltr'><strong>ιι,</strong></span> <span class='ocrx_word' id='word_1_314' title='bbox 1559 4765 1602 4818; x_wconf 73' lang='lat'><strong>25.</strong></span> <span class='ocrx_word' id='word_1_315' title='bbox 1618 4793 1656 4805; x_wconf 84' lang='lat'><em>-</em></span> <span class='ocrx_word' id='word_1_316' title='bbox 1672 4763 1753 4818; x_wconf 54' lang='grc' dir='ltr'><strong>Ἰήιε.</strong></span> 
     </span>
     <span class='ocr_line' id='line_1_30' title="bbox 180 4853 1754 4934; baseline -0.001 -20"><span class='ocrx_word' id='word_1_317' title='bbox 180 4861 257 4924; x_wconf 85' lang='lat' dir='ltr'><strong>hanc,</strong></span> <span class='ocrx_word' id='word_1_318' title='bbox 273 4862 362 4916; x_wconf 77' lang='lat' dir='ltr'><strong>saecrdo</strong></span> <span class='ocrx_word' id='word_1_319' title='bbox 374 4860 474 4934; x_wconf 86' lang='lat' dir='ltr'><strong>quinto,</strong></span> <span class='ocrx_word' id='word_1_320' title='bbox 485 4857 702 4914; x_wconf 83' lang='lat' dir='ltr'><strong>celebratissimum</strong></span> <span class='ocrx_word' id='word_1_321' title='bbox 712 4857 771 4913; x_wconf 85' lang='lat' dir='ltr'><strong>fidei</strong></span> <span class='ocrx_word' id='word_1_322' title='bbox 782 4858 927 4913; x_wconf 81' lang='lat' dir='ltr'><strong>formulam:</strong></span> <span class='ocrx_word' id='word_1_323' title='bbox 1005 4873 1038 4921; x_wconf 88' lang='grc' dir='ltr'><strong>ιι,</strong></span> <span class='ocrx_word' id='word_1_324' title='bbox 1054 4873 1097 4910; x_wconf 87' lang='grc' dir='ltr'><strong>ιι.</strong></span> <span class='ocrx_word' id='word_1_325' title='bbox 1109 4888 1147 4897; x_wconf 88' lang='grc'>-</span> <span class='ocrx_word' id='word_1_326' title='bbox 1158 4861 1169 4890; x_wconf 79' lang='lat'>⁸</span> <span class='ocrx_word' id='word_1_327' title='bbox 1182 4853 1274 4921; x_wconf 69' lang='lat' dir='ltr'><strong>laotos,</strong></span> <span class='ocrx_word' id='word_1_328' title='bbox 1288 4875 1323 4919; x_wconf 85' lang='lat' dir='ltr'><strong>rr,</strong></span> <span class='ocrx_word' id='word_1_329' title='bbox 1339 4858 1365 4910; x_wconf 90' lang='grc'><strong>6.</strong></span> <span class='ocrx_word' id='word_1_330' title='bbox 1382 4859 1436 4898; x_wconf 66' lang='grc'><strong>-7</strong></span> <span class='ocrx_word' id='word_1_331' title='bbox 1450 4857 1477 4909; x_wconf 92' lang='lat' dir='ltr'><strong>ln</strong></span> <span class='ocrx_word' id='word_1_332' title='bbox 1488 4855 1546 4910; x_wconf 79' lang='lat' dir='ltr'><strong>Ores</strong></span> <span class='ocrx_word' id='word_1_333' title='bbox 1558 4857 1593 4910; x_wconf 87' lang='lat' dir='ltr'><strong>nil</strong></span> <span class='ocrx_word' id='word_1_334' title='bbox 1611 4855 1754 4929; x_wconf 82' lang='lat' dir='ltr'><strong>hujusmodi</strong></span> 
     </span>
     <span class='ocr_line' id='line_1_31' title="bbox 181 4949 1755 5025; baseline -0.002 -18"><span class='ocrx_word' id='word_1_335' title='bbox 181 4952 233 5007; x_wconf 81' lang='lat' dir='ltr'><strong>Uno</strong></span> <span class='ocrx_word' id='word_1_336' title='bbox 241 4965 330 5008; x_wconf 78' lang='lat' dir='ltr'><strong>acturo</strong></span> <span class='ocrx_word' id='word_1_337' title='bbox 341 4953 410 5008; x_wconf 85' lang='lat' dir='ltr'><strong>Verbi</strong></span> <span class='ocrx_word' id='word_1_338' title='bbox 417 4953 462 5008; x_wconf 86' lang='lat' dir='ltr'><strong>Dei</strong></span> <span class='ocrx_word' id='word_1_339' title='bbox 470 4953 603 5017; x_wconf 77' lang='lat' dir='ltr'><strong>incarnati,</strong></span> <span class='ocrx_word' id='word_1_340' title='bbox 612 4969 688 5025; x_wconf 82' lang='lat' dir='ltr'><strong>quum</strong></span> <span class='ocrx_word' id='word_1_341' title='bbox 698 4952 748 5007; x_wconf 88' lang='lat' dir='ltr'><strong>buc</strong></span> <span class='ocrx_word' id='word_1_342' title='bbox 757 4959 928 5025; x_wconf 85' lang='lat' dir='ltr'><strong>usquesancto</strong></span> <span class='ocrx_word' id='word_1_343' title='bbox 1005 4949 1152 5024; x_wconf 86' lang='lat' dir='ltr'><strong>reperimus.</strong></span> <span class='ocrx_word' id='word_1_344' title='bbox 1165 4949 1257 5005; x_wconf 88' lang='lat' dir='ltr'><strong>Verum</strong></span> <span class='ocrx_word' id='word_1_345' title='bbox 1268 4949 1321 5004; x_wconf 81' lang='lat' dir='ltr'><strong>hoec</strong></span> <span class='ocrx_word' id='word_1_346' title='bbox 1332 4950 1409 5004; x_wconf 86' lang='lat' dir='ltr'><strong>sancti</strong></span> <span class='ocrx_word' id='word_1_347' title='bbox 1423 4949 1534 5021; x_wconf 71' lang='lat' dir='ltr'><strong>Dionysii</strong></span> <span class='ocrx_word' id='word_1_348' title='bbox 1549 4950 1621 5004; x_wconf 83' lang='lat' dir='ltr'><strong>verba</strong></span> <span class='ocrx_word' id='word_1_349' title='bbox 1636 4949 1668 5004; x_wconf 85' lang='lat' dir='ltr'><strong>ad</strong></span> <span class='ocrx_word' id='word_1_350' title='bbox 1684 4969 1755 5005; x_wconf 88' lang='lat' dir='ltr'><strong>rnen-</strong></span> 
     </span>
     <span class='ocr_line' id='line_1_32' title="bbox 180 5041 1754 5122; baseline -0.002 -21"><span class='ocrx_word' id='word_1_351' title='bbox 180 5045 312 5101; x_wconf 78' lang='lat' dir='ltr'><strong>htbausslo</strong></span> <span class='ocrx_word' id='word_1_352' title='bbox 328 5048 497 5122; x_wconf 74' lang='lat' dir='ltr'><strong>ecclesipsticae</strong></span> <span class='ocrx_word' id='word_1_353' title='bbox 511 5046 620 5102; x_wconf 79' lang='lat' dir='ltr'><strong>historiae</strong></span> <span class='ocrx_word' id='word_1_354' title='bbox 634 5046 764 5119; x_wconf 78' lang='lat' dir='ltr'><strong>scriptores</strong></span> <span class='ocrx_word' id='word_1_355' title='bbox 778 5043 928 5099; x_wconf 86' lang='lat' dir='ltr'><strong>tribuebant.</strong></span> <span class='ocrx_word' id='word_1_356' title='bbox 1006 5051 1055 5099; x_wconf 90' lang='lat' dir='ltr'><strong>tem</strong></span> <span class='ocrx_word' id='word_1_357' title='bbox 1067 5051 1181 5098; x_wconf 82' lang='lat' dir='ltr'><strong>reuocant</strong></span> <span class='ocrx_word' id='word_1_358' title='bbox 1195 5061 1250 5117; x_wconf 79' lang='lat' dir='ltr'><strong>qum</strong></span> <span class='ocrx_word' id='word_1_359' title='bbox 1265 5042 1324 5096; x_wconf 89' lang='lat' dir='ltr'><strong>dicit</strong></span> <span class='ocrx_word' id='word_1_360' title='bbox 1334 5043 1438 5105; x_wconf 82' lang='lat' dir='ltr'><strong>Paulus,</strong></span> <span class='ocrx_word' id='word_1_361' title='bbox 1450 5043 1475 5095; x_wconf 88' lang='lat' dir='ltr'><strong>in</strong></span> <span class='ocrx_word' id='word_1_362' title='bbox 1490 5041 1567 5116; x_wconf 74' lang='lat' dir='ltr'><strong>Epist.</strong></span> <span class='ocrx_word' id='word_1_363' title='bbox 1578 5043 1611 5097; x_wconf 83' lang='lat' dir='ltr'><strong>ud</strong></span> <span class='ocrx_word' id='word_1_364' title='bbox 1624 5043 1754 5104; x_wconf 78' lang='lat' dir='ltr'><strong>Romanos,</strong></span> 
     </span>
     <span class='ocr_line' id='line_1_33' title="bbox 180 5133 1755 5210; baseline -0.003 -14"><span class='ocrx_word' id='word_1_365' title='bbox 180 5141 294 5196; x_wconf 80' lang='lat' dir='ltr'><strong>httsmeu</strong></span> <span class='ocrx_word' id='word_1_366' title='bbox 313 5139 561 5196; x_wconf 75' lang='lat' dir='ltr'><strong>animadvertendum</strong></span> <span class='ocrx_word' id='word_1_367' title='bbox 576 5139 674 5196; x_wconf 76' lang='lat' dir='ltr'><strong>cstbaec</strong></span> <span class='ocrx_word' id='word_1_368' title='bbox 684 5137 756 5194; x_wconf 84' lang='lat' dir='ltr'><strong>verbs</strong></span> <span class='ocrx_word' id='word_1_369' title='bbox 773 5155 822 5192; x_wconf 90' lang='lat' dir='ltr'><strong>non</strong></span> <span class='ocrx_word' id='word_1_370' title='bbox 835 5144 929 5194; x_wconf 80' lang='lat' dir='ltr'><strong>exstare</strong></span> <span class='ocrx_word' id='word_1_371' title='bbox 1005 5157 1041 5201; x_wconf 83' lang='grc' dir='ltr'><strong>ιι,</strong></span> <span class='ocrx_word' id='word_1_372' title='bbox 1059 5139 1093 5190; x_wconf 83' lang='lat'><strong>5:</strong></span> <span class='ocrx_word' id='word_1_373' title='bbox 1111 5136 1152 5190; x_wconf 80' lang='lat' dir='ltr'><strong>Ec</strong></span> <span class='ocrx_word' id='word_1_374' title='bbox 1165 5135 1253 5210; x_wconf 77' lang='lat' dir='ltr'><strong>quibua</strong></span> <span class='ocrx_word' id='word_1_375' title='bbox 1270 5147 1304 5189; x_wconf 76' lang='lat' dir='ltr'><strong>est</strong></span> <span class='ocrx_word' id='word_1_376' title='bbox 1326 5133 1435 5189; x_wconf 73' lang='lat' dir='ltr'><strong>Chn&#39;stur</strong></span> <span class='ocrx_word' id='word_1_377' title='bbox 1454 5136 1584 5191; x_wconf 78' lang='lat' dir='ltr'><strong>secundum</strong></span> <span class='ocrx_word' id='word_1_378' title='bbox 1600 5157 1702 5192; x_wconf 67' lang='lat' dir='ltr'><strong>mntem.</strong></span> <span class='ocrx_word' id='word_1_379' title='bbox 1717 5169 1755 5178; x_wconf 91' lang='lat'><strong>-·</strong></span> 
     </span>
     <span class='ocr_line' id='line_1_34' title="bbox 179 5228 1773 5308; baseline -0.002 -22"><span class='ocrx_word' id='word_1_380' title='bbox 179 5233 206 5287; x_wconf 88' lang='lat' dir='ltr'><strong>in</strong></span> <span class='ocrx_word' id='word_1_381' title='bbox 223 5249 304 5307; x_wconf 71' lang='lat' dir='ltr'><strong>preco</strong></span> <span class='ocrx_word' id='word_1_382' title='bbox 325 5233 408 5306; x_wconf 86' lang='lat' dir='ltr'><strong>quulia</strong></span> <span class='ocrx_word' id='word_1_383' title='bbox 428 5234 469 5288; x_wconf 89' lang='lat' dir='ltr'><strong>hic</strong></span> <span class='ocrx_word' id='word_1_384' title='bbox 487 5235 579 5308; x_wconf 69' lang='lat' dir='ltr'><strong>syriace</strong></span> <span class='ocrx_word' id='word_1_385' title='bbox 596 5231 744 5288; x_wconf 69' lang='lat' dir='ltr'><strong>adureretur.</strong></span> <span class='ocrx_word' id='word_1_386' title='bbox 763 5261 801 5272; x_wconf 85' lang='lat'><em>-</em></span> <span class='ocrx_word' id='word_1_387' title='bbox 816 5232 827 5262; x_wconf 82' lang='lat'><strong>³</strong></span> <span class='ocrx_word' id='word_1_388' title='bbox 843 5229 928 5284; x_wconf 78' lang='lat' dir='ltr'><strong>loono.</strong></span> <span class='ocrx_word' id='word_1_389' title='bbox 1005 5229 1114 5283; x_wconf 75' lang='lat' dir='ltr'><strong>&#39;Erech</strong></span> <span class='ocrx_word' id='word_1_390' title='bbox 1131 5248 1191 5292; x_wconf 76' lang='lat' dir='ltr'><strong>rure,</strong></span> <span class='ocrx_word' id='word_1_391' title='bbox 1209 5249 1234 5283; x_wconf 85' lang='lat' dir='ltr'><strong>s.</strong></span> <span class='ocrx_word' id='word_1_392' title='bbox 1252 5228 1314 5291; x_wconf 78' lang='lat' dir='ltr'><strong>Qum</strong></span> <span class='ocrx_word' id='word_1_393' title='bbox 1326 5229 1424 5282; x_wconf 90' lang='lat' dir='ltr'><strong>uncinis</strong></span> <span class='ocrx_word' id='word_1_394' title='bbox 1439 5229 1590 5285; x_wconf 84' lang='lat' dir='ltr'><strong>includimus</strong></span> <span class='ocrx_word' id='word_1_395' title='bbox 1604 5231 1773 5304; x_wconf 68' lang='lat' dir='ltr'><strong>omittuntur</strong></span> 
     </span>
     <span class='ocr_line' id='line_1_35' title="bbox 181 5321 1548 5392; baseline -0.004 -12"><span class='ocrx_word' id='word_1_396' title='bbox 181 5345 223 5389; x_wconf 89' lang='grc' dir='ltr'>ιιι,</span> <span class='ocrx_word' id='word_1_397' title='bbox 243 5327 285 5380; x_wconf 75' lang='lat' dir='ltr'><strong>rc.</strong></span> <span class='ocrx_word' id='word_1_398' title='bbox 301 5325 364 5388; x_wconf 78' lang='lat' dir='ltr'><strong>Qun</strong></span> <span class='ocrx_word' id='word_1_399' title='bbox 375 5325 416 5379; x_wconf 93' lang='lat' dir='ltr'><strong>hic</strong></span> <span class='ocrx_word' id='word_1_400' title='bbox 432 5345 462 5380; x_wconf 85' lang='lat' dir='ltr'><strong>ex</strong></span> <span class='ocrx_word' id='word_1_401' title='bbox 478 5345 581 5380; x_wconf 85' lang='lat' dir='ltr'><strong>armeno</strong></span> <span class='ocrx_word' id='word_1_402' title='bbox 597 5325 755 5380; x_wconf 79' lang='lat' dir='ltr'><strong>excitavimus</strong></span> <span class='ocrx_word' id='word_1_403' title='bbox 771 5321 888 5378; x_wconf 81' lang='lat' dir='ltr'><strong>videntur</strong></span> <span class='ocrx_word' id='word_1_404' title='bbox 899 5341 928 5378; x_wconf 81' lang='lat' dir='ltr'><strong>ex</strong></span> <span class='ocrx_word' id='word_1_405' title='bbox 1004 5324 1031 5376; x_wconf 89' lang='lat' dir='ltr'><strong>in</strong></span> <span class='ocrx_word' id='word_1_406' title='bbox 1047 5329 1114 5376; x_wconf 80' lang='lat' dir='ltr'><strong>textu</strong></span> <span class='ocrx_word' id='word_1_407' title='bbox 1124 5339 1227 5376; x_wconf 82' lang='lat' dir='ltr'><strong>ermeno</strong></span> <span class='ocrx_word' id='word_1_408' title='bbox 1240 5322 1316 5375; x_wconf 89' lang='lat' dir='ltr'><strong>suncti</strong></span> <span class='ocrx_word' id='word_1_409' title='bbox 1330 5321 1449 5392; x_wconf 66' lang='lat' dir='ltr'><strong>Dionysii.</strong></span> <span class='ocrx_word' id='word_1_410' title='bbox 1544 5375 1548 5384; x_wconf 81' lang='grc'>,</span> 
     </span>
    </p>
   </div>
   <div class='ocr_carea' id='block_1_10' title="bbox 1552 5473 1584 5526">
    <p class='ocr_par' dir='ltr' id='par_1_10' title="bbox 1552 5473 1584 5526">
     <span class='ocr_line' id='line_1_36' title="bbox 1552 5473 1584 5526; baseline 0 0"><span class='ocrx_word' id='word_1_411' title='bbox 1552 5473 1584 5526; x_wconf 70' lang='lat'><strong>⁹7</strong></span> 
     </span>
    </p>
   </div>
   <div class='ocr_carea' id='block_1_11' title="bbox 0 0 2010 6098">
    <p class='ocr_par' dir='ltr' id='par_1_11' title="bbox 0 0 2010 6098">
     <span class='ocr_line' id='line_1_37' title="bbox 0 0 2010 6098; baseline 0 0"><span class='ocrx_word' id='word_1_412' title='bbox 0 0 2010 6098; x_wconf 95' lang='lat' dir='ltr'><strong> </strong></span> 
     </span>
    </p>
   </div>
  </div>
 </body>
</html>
