3980 6084
316 531 384 598 aaa
668 529 840 601 Parnon
871 531 1270 602 rurnnronuonuu
1298 495 1532 604 rurcacri.

316 679 492 782 expositam
504 681 538 753 in
556 694 643 754 tomo
662 681 769 755 dilecti
787 683 904 755 animae
923 697 1053 767 nostrae,
1073 683 1197 757 domini
1211 684 1398 769 Alexandri,
1417 686 1522 758 eidem
1539 683 1707 770 assentior,
1725 699 1775 770 et,
1793 683 1826 757 in
1843 687 1884 756 si-

315 829 417 902 gnum
435 829 583 874 assensus
596 829 669 874 cum
687 817 797 876 sancto
815 803 946 877 illorum
965 805 1111 878 omnium
1130 818 1229 889 coetu,
1246 806 1304 905 qui
1320 833 1383 877 una
1399 820 1474 879 sunt
1497 806 1620 888 anima,
1635 806 1811 907 subscripsi
1827 835 1882 902 ego

315 936 348 996 et
364 950 476 996 omnes
491 918 670 1026 (episcopi)
684 924 857 998 orientales
868 924 920 996 his
938 953 1010 1026 quse
1027 925 1166 1027 desuper
1181 925 1394 1026 scriptasunt

1074 1213 1130 1284 111

366 1419 556 1491 Creaturam
572 1417 748 1491 invisurus¹
765 1445 873 1503 suam,
887 1447 985 1519 quam
998 1419 1211 1520 plasmaverat
1226 1419 1313 1491 Deus
1329 1416 1370 1491 ad
1385 1417 1559 1517 imaginem
1573 1417 1880 1520 similitudinemque

314 1539 381 1624 sui,
398 1538 519 1611 ultimis
532 1539 567 1610 in
585 1539 700 1612 diebus
717 1540 804 1613 misit
819 1540 1026 1638 unigenitum
1039 1539 1156 1612 Filium
1167 1567 1279 1624 suum,
1298 1553 1373 1613 tunc
1389 1540 1479 1614 haud
1488 1539 1708 1626 incarnatum,
1719 1555 1773 1627 ut,
1789 1569 1881 1613 carne

315 1673 478 1761 assumpta
496 1661 530 1732 in
549 1673 640 1733 utero
659 1660 814 1759 Virginis,
832 1675 993 1760 natusque
1014 1659 1127 1762 (198)
1142 1662 1240 1733 homo
1258 1662 1435 1761 perlectus,
1458 1661 1624 1734 hominem
1644 1662 1810 1736 extolleret
1829 1661 1879 1761 qui

298 1779 469 1882 perierat,
487 1779 699 1881 membraque
714 1780 801 1854 illius
819 1780 961 1882 dispersa
978 1795 1196 1880 congregaret.

366 1899 453 1982 Quid
468 1900 556 1973 enim
573 1899 697 2002 alioqui
719 1915 865 1975 mortuus
885 1901 995 1974 luisset
1015 1901 1180 1976 Christus?
1203 1901 1268 1973 Cur
1288 1899 1399 1975 mortis
1413 1927 1542 2001 poenam
1559 1901 1692 2002 passus?
1707 1904 1774 1977 Cur
1785 1902 1879 1976 bomo

312 2021 436 2094 lactus?
453 2022 520 2093 Cur
545 2021 733 2121 simpliciter
750 2013 837 2096 Deus
860 2049 925 2095 non
949 2023 1174 2096 remansisset?
1200 2021 1267 2094 Cur
1285 2022 1318 2094 in
1337 2035 1457 2094 terram
1477 2021 1715 2096 descendisset?
1734 2024 1801 2096 Cur
1818 2049 1879 2093 non

312 2155 440 2215 tantum
457 2141 491 2214 in
512 2141 592 2215 coelo
614 2144 801 2241 regnasset?
825 2141 913 2226 Quid
938 2170 1020 2244 opus
1040 2157 1111 2216 erat
1132 2145 1236 2216 Deum
1257 2143 1365 2216 uenire
1389 2170 1486 2244 super
1509 2155 1644 2228 terram,
1670 2143 1831 2217 incarnari
1849 2143 1879 2213 in

311 2278 422 2337 sancta
438 2262 587 2361 Virgine,
610 2264 727 2364 pannis
744 2264 864 2338 involvi
891 2262 941 2366 (et
952 2262 1048 2365 poni)
1069 2264 1104 2336 in
1121 2264 1313 2364 praesepio²,
1332 2263 1413 2336 lacte
1430 2265 1516 2336 inter
1535 2263 1629 2336 ulnas
1649 2263 1709 2348 ali,
1726 2263 1879 2366 baptisari

312 2384 347 2455 in
360 2383 517 2468 Iordane,
534 2382 684 2456 conviciis
698 2384 766 2483 peti
786 2412 804 2456 a
821 2384 959 2486 populo,
981 2412 1078 2486 super
1097 2385 1223 2482 lignum
1246 2384 1416 2486 suspendi,
1433 2384 1562 2486 sepeliri
1582 2385 1616 2456 in
1640 2385 1713 2457 sinu
1733 2398 1841 2468 terrae,
1861 2410 1876 2452 a

311 2505 448 2577 mortuis
475 2504 569 2577 tertia
596 2503 649 2578 die
672 2531 855 2604 resurgere,
879 2505 940 2577 nisi
963 2519 997 2577 ut
1027 2506 1163 2577 salutern
1186 2505 1360 2591 conferret,
1389 2506 1471 2578 dans
1500 2507 1642 2578 animam
1669 2533 1728 2606 pro
1755 2506 1876 2586 anima,

311 2652 442 2698 carnem
459 2653 519 2726 pro
535 2653 646 2709 carne,
658 2625 850 2723 sanguinem
868 2653 925 2726 pro
942 2626 1116 2726 sanguine,
1136 2641 1271 2699 mortem
1290 2655 1349 2727 pro
1365 2629 1489 2700 morte?
1510 2628 1537 2699 Α
1555 2641 1657 2700 morte
1676 2628 1794 2700 etenim
1810 2625 1876 2706 illa,

312 2773 411 2847 quam
427 2745 535 2820 subire
553 2745 653 2825 homo
670 2745 824 2827 debebat,
844 2746 1010 2818 moriendo
1029 2747 1175 2819 Christus
1187 2747 1353 2820 hominem
1372 2747 1547 2821 liberavit³.

364 2865 392 2939 Ο
408 2865 595 2964 mysterium
609 2891 728 2938 novum
746 2881 778 2939 et
792 2867 971 2940 ineffabile!
989 2867 1157 2941 ludicatus
1172 2881 1219 2941 est
1229 2868 1344 2968 judam
1362 2869 1478 2966 ligatus
1494 2867 1611 2968 estqui
1625 2881 1755 2967 peccata
1773 2866 1875 2940 solvit:

311 2987 439 3089 probris
462 2988 594 3060 affectus
617 2987 740 3087 estqui
763 2985 873 3061 orbem
898 2989 1058 3073 condidit;
1083 3002 1287 3062 mensuratus
1311 3002 1359 3061 est
1384 2987 1441 3089 qui
1463 3001 1628 3062 mensurat
1648 2989 1780 3075 coelum;
1809 2986 1876 3060 [elle

311 3121 423 3212 pastus
437 3121 485 3182 est
502 3107 559 3210 qui
573 3135 691 3181 manna
708 3108 797 3182 dedit
812 3110 996 3195 comedere,
1010 3123 1157 3182 mortuus
1173 3123 1220 3182 est
1235 3109 1293 3210 qui
1308 3109 1404 3180 vitam
1420 3123 1551 3211 praestat
1565 3123 1598 3181 et
1611 3109 1756 3210 sepultus
1767 3121 1815 3182 est
1826 3104 1877 3206 qui

313 3213 456 3304 mortuos
480 3229 608 3303 excitatl
633 3230 723 3301 Tunc
750 3243 859 3303 autem
877 3230 1015 3304 Virtutes
1037 3231 1161 3303 miratae
1184 3230 1409 3328 sunt‚.rlngeli
1430 3231 1683 3332 obstupuerunt,
1701 3230 1876 3327 mundique

312 3353 410 3425 totius
421 3351 581 3425 elementa
595 3364 755 3423 commota
771 3363 846 3422 sunt
862 3378 928 3450 prae
942 3365 1072 3452 stupore
1084 3353 1222 3426 dicentia
1238 3383 1245 3424 :
1264 3351 1389 3425 «ludex
1402 3350 1604 3454 (accusatur)
1617 3364 1649 3423 ot
1665 3351 1751 3436 silet,
1772 3349 1875 3422 inrisi-

311 3473 411 3547 ahilis
424 3472 549 3546 uidetur
563 3486 596 3546 et
610 3499 677 3546 non
690 3472 866 3556 crubescit,
883 3473 1187 3574 inapprehensibilis
1203 3474 1461 3576 apprehenditur
1478 3488 1510 3546 et
1527 3500 1592 3545 non
1603 3472 1803 3570 indignatur,
1818 3473 1876 3543 irn-

311 3573 497 3696 «passibilis
511 3595 635 3694 patitur
651 3608 683 3666 et
695 3620 762 3666 non
777 3593 919 3693 seipsum
932 3595 1091 3678 vindicat,
1107 3595 1298 3668 immortalis
1313 3595 1449 3668 moritur
1466 3609 1497 3667 et
1515 3595 1596 3666 nihil
1609 3595 1799 3694 respondet,
1818 3619 1876 3663 crn-

311 3713 423 3806 «lestis
446 3713 601 3817 sepelitur
618 3729 651 3787 et
669 3716 798 3788 suffert!
820 3713 934 3788 Mirata
957 3727 1004 3788 est
1026 3716 1143 3788 creatio
1162 3717 1309 3788 universa
1335 3731 1368 3789 et
1384 3732 1460 3788 tunc
1478 3715 1632 3789 intellexit
1655 3715 1697 3788 ob
1721 3715 1874 3787 Adamum

311 3836 472 3935 «judicari
488 3835 650 3934 judicem,
666 3835 861 3908 invisibilem
878 3836 995 3920 videri,
1015 3836 1247 3937 impassibilem
1270 3837 1354 3937 pati,
1371 3837 1586 3910 immortalem
1604 3837 1701 3920 mori,
1721 3835 1874 3908 caelestem

311 3955 475 4056 «sepeliri.
493 3958 598 4029 Homo
616 3955 735 4030 etenim
754 3983 826 4029 cunr
842 3959 944 4030 lactus
955 3957 1067 4030 luisset
1081 3957 1240 4030 Dominus
1256 3971 1376 4040 noster,
1391 3955 1557 4056 judicatus
1577 3971 1623 4030 est
1642 3970 1679 4030 ut
1698 3957 1875 4029 misericor·

311 4078 424 4151 adiam
441 4093 620 4179 prestaret,
639 4078 757 4177 ligatus
775 4091 872 4150 estut
888 4078 1015 4151 vincula
1030 4078 1181 4163 solveret,
1193 4107 1306 4179 passus
1318 4091 1413 4152 estut
1426 4079 1519 4152 nohis
1533 4093 1779 4179 compateretur,
1794 4101 1875 4150 mor·

311 4212 412 4272 stuus
429 4213 478 4274 est
498 4214 534 4273 ut
549 4201 646 4273 vitam
670 4199 846 4307 tribueret,
862 4199 1008 4300 sepultus
1027 4214 1076 4273 est
1094 4213 1129 4272 ut
1146 4201 1322 4273 suscitaret.
1339 4201 1469 4272 Patiens
1484 4227 1581 4297 porro
1599 4200 1757 4272 Dominus
1774 4211 1874 4271 noster

311 4321 371 4396 sin
386 4322 425 4393 iis
440 4323 560 4423 quibus
579 4320 692 4394 similis
707 4335 776 4394 erat
789 4321 933 4408 homini,
950 4347 1063 4423 passus
1082 4335 1128 4396 est
1143 4323 1177 4394 in
1193 4351 1252 4396 sua
1263 4323 1480 4406 humanitate,
1494 4321 1551 4394 sed
1568 4321 1733 4422 passiones
1745 4317 1874 4420 placavit

310 4443 424 4516 «illius
444 4443 502 4544 qui
519 4443 568 4515 illi
585 4429 700 4514 similis
715 4455 785 4515 erat
802 4456 834 4516 et
853 4442 1022 4516 moriendo
1041 4443 1157 4517 occidit
1176 4458 1313 4518 mortem
1334 4447 1425 4543 cujus
1443 4469 1538 4515 causa
1556 4455 1785 4542 superterram
1808 4439 1875 4512 des-

310 4567 498 4640 accenderat.
515 4566 600 4649 lmo,
612 4564 796 4664 spernendo
812 4579 965 4651 mortem,
982 4565 1155 4639 Satanam⁴
1169 4565 1294 4639 volebat
1307 4565 1504 4639 homicidam
1520 4564 1675 4636 occidere.
1691 4563 1781 4637 Unus
1794 4559 1873 4634 onim

310 4687 569 4761 «condemnatus
584 4699 647 4769 est,
663 4685 722 4758 sed
738 4686 840 4759 millia
855 4685 993 4761 millium
1012 4687 1146 4761 liberata
1166 4700 1252 4759 sunt.
1269 4685 1359 4760 Unus
1374 4686 1520 4788 sepultus
1538 4699 1600 4771 est,
1615 4685 1673 4759 sed
1690 4685 1791 4758 millia
1808 4678 1875 4756 mil·

347 4951 354 4982 ¹
373 4949 433 5012 Hic,
445 4937 479 5002 'in
497 4954 563 5003 textu
577 4948 681 5021 syriaco,
699 4947 833 5023 legandum
850 4954 887 5002 est
905 4943 992 5009 ὁμο
1010 4965 1060 5002 non
1137 4945 1205 5002 Noua
1219 4945 1334 5013 Petrum,
1349 4947 1386 5011 ll,
1403 4948 1470 5020 5⁹9,
1489 4946 1638 5003 subtituto:
1654 4945 1739 5000 Sessio
1755 4945 1784 4999 de
1800 4941 1873 4997 snut

308 5042 410 5105 isan,
427 5049 456 5095 ut
470 5041 517 5097 lert
529 5041 632 5096 editum.
647 5043 701 5096 Hoc
715 5043 883 5116 fragmentum
903 5040 1022 5114 allegatur
1033 5041 1060 5095 in
1135 5053 1159 5095 st
1170 5059 1275 5114 corpore.
1288 5069 1325 5082 -
1337 5043 1347 5075 ²
1359 5043 1379 5096 B
1391 5043 1451 5113 poos'
1461 5043 1487 5095 ιη
1493 5041 1611 5113 procopio
1622 5052 1645 5094 st
1660 5039 1718 5094 laets
1729 5041 1755 5093 ι’»
1769 5039 1823 5092 sinu
1835 5029 1871 5086 ali.

307 5134 463 5190 collectaneis
483 5135 582 5208 syriacis
598 5134 650 5207 [sub
667 5136 763 5190 titulo:
787 5133 892 5188 Humilia
912 5133 958 5186 ndo
977 5131 1061 5187 lacos*
1135 5139 1201 5178 --ὃ
1225 5136 1287 5200 Qum
1310 5141 1449 5208 miseratur
1469 5133 1584 5189 videntur
1607 5133 1724 5206 exscripta
1747 5149 1777 5186 ex
1797 5121 1872 5186 Sauct

306 5229 428 5282 moeses.
444 5228 488 5284 Clr
502 5227 666 5301 Potrologs‘am
680 5228 803 5292 Groecom,
820 5227 912 5286 llVlll,
932 5227 977 5282 col.
996 5229 1061 5283 603-
1136 5227 1262 5284 hlelitonis
1284 5227 1422 5301 fragmento
1441 5227 1473 5282 dc
1489 5247 1569 5282 cresce.
1581 5257 1620 5268 „.
1633 5228 1644 5261 ⁸
1658 5224 1695 5281 sd
1712 5225 1820 5280 litteram
1839 5236 1873 5272 rr·

309 5321 372 5374 608.
391 5321 419 5376 ln
433 5321 570 5395 l’atrologia
590 5321 657 5377 locus
674 5321 777 5378 allartus
796 5341 825 5376 ss
843 5321 901 5378 llaii
916 5319 1059 5376 Ribh'otlucs
1135 5320 1224 5375 bellem.
