3982 6082
777 593 1128 662 PROLEGOMENA.
1685 626 1742 669 xxv

166 771 201 843 p.
221 744 311 828 fieb,
334 743 552 839 fragmentum
570 738 621 842 v),
646 742 680 816 in
703 740 814 818 decem
839 757 947 843 partes
963 758 1031 817 erat
1055 743 1167 818 divisa.
1186 741 1363 830 Caeterum,
1382 744 1458 820 licet
1481 773 1614 822 armena
1632 761 1742 822 nostra

167 864 349 964 generatim
367 876 497 965 sumpta
514 876 626 937 tenore
649 864 841 940 conveniant
857 890 932 936 cum
951 865 1002 942 bis
1018 892 1090 965 quea
1107 866 1315 966 protulerunt
1331 865 1522 942 Gallandius
1541 868 1576 942 in
1599 883 1686 943 torno
1699 869 1741 943 lfl

168 985 351 1058 Bittorteca
371 985 683 1060 macomariam
704 998 738 1060 et
755 984 863 1058 blansi
884 985 919 1058 in
941 985 1104 1060 Sacrorum
1126 986 1314 1098 cacaborum
1336 1015 1410 1062 aava
1430 1005 1459 1062 at
1476 989 1657 1094 maplc'aaimc
1678 991 1743 1066 col-

166 1106 300 1194 lectione,
321 1120 410 1182 tomo
428 1106 458 1191 l,
476 1106 538 1180 col.
560 1105 654 1180 1085
672 1121 705 1180 et
720 1134 807 1208 seq.,
821 1120 964 1182 attamen
982 1135 1019 1180 ea
1039 1107 1157 1184 nullibi
1173 1110 1316 1209 reperire
1331 1109 1455 1184 licuit¹.

127 1315 130 1320 Ι
218 1227 268 1302 ld
284 1255 323 1302 en
339 1241 516 1329 quaegesta
533 1228 667 1304 fuerunt
681 1229 715 1301 in
730 1255 827 1302 causa
842 1228 936 1304 Pauli
948 1230 1152 1304 samosateni
1169 1230 1381 1331 pertinentia,
1393 1259 1460 1306 non
1475 1231 1581 1306 solum
1597 1232 1743 1307 continet

167 1350 312 1424 collectio
327 1361 435 1424 nostra
453 1350 578 1424 diversa
593 1351 628 1424 S.
641 1350 787 1449 Dionysii
800 1350 935 1451 scripta,
947 1351 1004 1426 sed
1021 1352 1119 1425 etiem
1136 1351 1248 1453 plures
1264 1353 1440 1428 sententias
1459 1379 1495 1428 ex
1512 1355 1628 1454 synodi
1644 1355 1743 1452 gestis

166 1485 200 1546 ct
228 1500 265 1544 ex
289 1472 505 1572 disputatione
531 1471 625 1546 Pauli
649 1499 723 1546 cum
748 1472 932 1549 Malchione
955 1474 1143 1574 presbytero
1167 1488 1341 1576 excerptas.
1362 1475 1437 1550 llec
1462 1476 1642 1574 fragmenta
1666 1490 1743 1550 sunt

166 1619 306 1665 numero
326 1593 454 1678 decem,
468 1619 609 1693 quorum
628 1593 691 1666 tria
708 1606 766 1666 aut
782 1607 923 1695 quatuor
940 1608 1068 1668 tantum
1088 1609 1182 1671 erant
1197 1596 1262 1672 huc
1280 1624 1384 1698 usque
1402 1611 1492 1672 nota.
1507 1598 1552 1672 Ex
1571 1598 1622 1674 lu's
1640 1599 1743 1697 megin

166 1741 204 1786 ac
220 1714 323 1812 magis
338 1713 437 1786 claret
452 1713 485 1785 iu
503 1740 568 1815 quo
584 1715 761 1787 constiterit
775 1741 866 1808 error
877 1715 970 1787 Pauli
985 1715 1197 1790 Samosateni.

218 1837 263 1909 Ex
276 1849 353 1908 nota
369 1836 483 1908 ultimo
501 1838 681 1936 fragmento
694 1837 867 1937 praeposita
881 1837 1001 1911 deduci
1015 1851 1120 1939 potest
1138 1837 1172 1910 S.
1185 1838 1465 1938 'lbaumaturgum
1480 1837 1623 1912 adfuisse
1635 1853 1743 1940 postc-

165 1957 246 2030 riori
263 1957 386 2057 synodo
407 1957 558 2030 adversus
573 1956 713 2030 Paulum
733 1956 896 2030 adunata.
912 1956 1019 2040 Quam
1039 1972 1165 2043 notam,
1180 1959 1240 2033 etsi
1260 1959 1296 2031 in
1314 1957 1385 2032 aliis
1405 1987 1424 2031 a
1443 1960 1576 2033 veritate
1595 1961 1742 2042 recedat.

167 2105 284 2180 nempe
300 2079 334 2152 in
349 2078 389 2152 iis
404 2105 476 2180 que
491 2077 631 2152 affirmat
645 2078 686 2152 de
701 2091 841 2180 utroque
856 2079 1028 2180 Dionysio,
1040 2080 1186 2154 Romana
1202 2092 1235 2154 et
1248 2080 1601 2166 Alexandrianarum
1616 2109 1685 2156 esse
1701 2083 1743 2156 de

168 2199 428 2300 Thaumeturgo‚
452 2199 642 2301 comprobet
662 2200 770 2274 Victor
794 2199 906 2301 Ryssel
928 2227 1002 2274 cum
1024 2201 1097 2274 aliis
1118 2202 1194 2275 viris
1215 2202 1328 2275 doctis.
1351 2202 1432 2276 lnde
1454 2203 1648 2278 concludere
1669 2204 1744 2280 ficet

167 2320 202 2394 S.
222 2319 415 2418 Gregorium
432 2321 713 2421 Thaumaturgum
731 2348 749 2399 e
766 2321 843 2396 vivis
860 2349 927 2398 uon
946 2322 1119 2398 decessisse
1136 2336 1212 2398 ante
1228 2351 1353 2400 anuum
1369 2329 1493 2400 ccuxf.

917 2647 1000 2719 XVI

222 2852 332 2926 Sancti
355 2851 443 2926 Petri
465 2850 674 2925 Alexandrini
695 2849 790 2953 plura
818 2865 965 2953 excerpta
993 2853 1145 2926 exhibent
1169 2852 1365 2926 collectanea
1389 2855 1512 2954 syriaca
1535 2867 1566 2926 et
1593 2823 1741 2936 armena,

171 3000 244 3074 que
262 2974 411 3074 quidem,
431 2972 539 3074 quoad
556 2973 727 3046 maximam
750 2973 892 3074 partem,
914 2973 1085 3075 desumpta
1102 2988 1180 3047 sunt
1198 3002 1216 3047 e
1236 2974 1364 3047 duobus
1384 2975 1589 3060 tractatibus,
1604 2976 1650 3047 De
1665 2975 1742 3046 llei-

169 3111 227 3166 tctc
246 3108 278 3168 et
293 3095 339 3167 De
355 3093 585 3168 Resurrecticne.
605 3093 763 3177 Quadam
780 3095 849 3192 jam
864 3120 968 3191 grece
990 3108 1067 3168 nota
1085 3107 1177 3177 sunt,
1194 3095 1334 3167 maxima
1353 3123 1428 3169 vero
1448 3124 1524 3197 pars
1544 3095 1677 3170 omnino
1696 3110 1744 3168 est

169 3215 303 3288 inedita.
316 3215 390 3299 Ouo
403 3214 517 3288 ordine
533 3215 602 3288 bec
614 3215 723 3288 omnia
738 3226 886 3316 excerpta
903 3215 965 3288 sibi
982 3215 1153 3288 succedere
1166 3215 1307 3289 debeant
1320 3243 1385 3288 non
1399 3218 1532 3290 omnino
1545 3219 1632 3292 dictu
1648 3216 1742 3290 facile

169 3363 299 3437 semper
320 3349 384 3420 est,
403 3335 558 3438 quoniam
575 3362 642 3409 nou
663 3335 872 3436 reperiuntur
892 3336 928 3408 in
951 3337 1065 3410 eadem
1082 3351 1194 3408 catena
1214 3337 1395 3438 patristica,
1411 3353 1510 3437 atqua
1527 3338 1568 3410 de
1587 3338 1742 3430 methodo

170 3485 190 3531 a
207 3456 432 3530 collectoribus
449 3455 595 3530 adbibita
612 3457 689 3529 certi
708 3483 775 3530 non
791 3461 937 3530 sumus³.

222 3578 499 3678 fragmentaque
512 3603 530 3650 e
541 3577 650 3650 codice
666 3576 809 3678 quodam
822 3577 994 3680 parisiensi
1008 3603 1139 3651 armeno
1153 3577 1357 3653 excitavimus
1370 3605 1436 3652 non
1448 3576 1595 3652 eamdem
1607 3579 1741 3652 omnino

170 3698 270 3772 fidem
296 3711 462 3772 merentur
488 3725 526 3771 ac
545 3699 726 3798 fragmenta
748 3697 782 3770 in
812 3698 1016 3772 collectaneis
1042 3699 1173 3798 syriacis
1199 3714 1343 3804 reperta,
1365 3701 1438 3773 licet
1466 3698 1562 3800 plura
1588 3727 1662 3771 cum
1688 3700 1742 3772 bis

170 3820 372 3894 conveniant.
389 3820 496 3893 Codex
514 3821 601 3893 enim
617 3847 769 3893 armenus
786 3832 833 3892 est
848 3848 958 3894 recens
976 3834 1074 3921 atque
1089 3849 1155 3894 non
1176 3823 1306 3922 optime
1324 3837 1419 3895 nota.
1437 3824 1594 3895 Praeterea
1615 3821 1648 3893 in
1667 3822 1741 3921 qui-

169 3941 309 4014 busdam
331 3941 450 4014 horum
477 3941 733 4041 fragmentorum
756 3942 851 4015 verba
877 3943 1056 4044 reperimus
1083 3971 1156 4044 quae
1173 3943 1319 4018 alludere
1342 3941 1495 4018 videntur
1518 3942 1742 4018 controversiis

169 4061 339 4162 posteriori
355 4073 448 4134 etate
467 4062 592 4135 exortis.

904 4315 1007 4388 xvss

222 4501 307 4576 Nihil
322 4502 423 4576 ferme
436 4501 623 4576 addendum
642 4499 745 4576 estiis
762 4528 835 4602 quae
853 4499 1091 4575 observavimus
1105 4501 1138 4575 in
1155 4503 1255 4588 notis,
1272 4503 1337 4576 sive
1352 4502 1506 4587 textibus,
1523 4501 1588 4574 sive
1603 4499 1742 4574 versioni

167 4625 204 4698 S.
222 4623 411 4709 Alexandri,
429 4624 463 4696 S.
482 4620 657 4708 bletbodii,
675 4623 710 4697 S.
730 4623 891 4698 Eustathii
909 4634 942 4696 et
958 4623 992 4697 S.
1010 4623 1197 4725 Serapionis
1214 4624 1405 4724 subjunctis.

207 4913 215 4945 ¹
235 4908 406 4978 laosmfvoa'oe,
417 4927 495 4976 xxvix,
511 4931 541 4976 s,
556 4909 675 4985 allegatus
691 4911 813 4985 pagiua
826 4931 832 4964 ι
846 4911 920 4966 ablu·
992 4928 1070 4984 quam
1080 4910 1172 4983 syriace
1184 4911 1224 4985 (p.
1236 4911 1470 4996 muletgrnee
1480 4909 1518 4983 (p.
1528 4909 1626 4981 63-73)
1636 4907 1744 4982 vulgavit

167 5005 261 5060 efieres
276 5022 334 5078 que
346 5004 467 5058 fesdnatis
487 5003 572 5059 venire
583 5003 614 5058 ad
631 5003 813 5060 solemnitatem
828 5003 920 5058 intrate
993 5003 1085 5059 Paulus
1096 5003 1262 5078 deleganda,
1276 5004 1302 5057 in
1313 5002 1365 5057 suis
1378 5001 1501 5076 flattiqrciis
1508 5001 1577 5073 juria
1591 5001 1744 5056 cocbaimtici

168 5098 313 5172 «prioremve
325 5095 527 5152 alfertureodem
537 5096 732 5152 modoaaancto
742 5095 863 5170 Gregorio
874 5097 920 5152 Na·
993 5097 1164 5171 mamma
1181 5096 1298 5170 (lipsiae,
1313 5096 1412 5166 1856);
1429 5093 1486 5158 sed,
1499 5112 1531 5151 ne
1550 5094 1612 5150 votis
1627 5093 1744 5167 indulge-

168 5189 448 5245 rianxanoinoratione
464 5209 496 5244 ιν.
994 5207 1090 5254 remus,
1112 5189 1208 5244 obstitit
1233 5189 1315 5262 operis
1338 5187 1425 5243 moles.
1450 5188 1547 5243 Interea
1569 5194 1652 5242 umen
1672 5187 1745 5241 liceat

207 5287 217 5318 ¹
234 5283 279 5340 Cfr
293 5283 322 5338 V.
334 5283 431 5358 llysael‚
447 5283 579 5358 Gregorius
592 5281 768 5357 fbocmmarg.
785 5301 811 5356 p.
825 5300 917 5356 ,ry-19.
994 5300 1096 5338 monere
1110 5283 1138 5337 in
1154 5282 1266 5337 versione
1280 5281 1371 5354 syriaca
1387 5299 1469 5336 versus
1481 5281 1558 5337 finem
1571 5288 1665 5338 exstare
1677 5280 1744 5354 peri-

233 5376 263 5432 ln
274 5376 337 5432 votis
349 5383 402 5432 erat
415 5375 490 5432 adera
503 5376 641 5432 versionem
657 5373 771 5448 Epistola
786 5377 918 5441 romaica,
993 5393 1080 5450 copem
1091 5393 1148 5449 que
1162 5373 1232 5428 deest
1243 5373 1269 5428 io
1280 5391 1360 5448 greco
1370 5375 1494 5449 originali.
