4006 6098
245 537 310 605 39&
588 535 769 602 Parnon
798 535 1201 604 assumendorum
1233 535 1470 604 aditnent.

243 687 331 760 vium
349 703 442 786 a'qnae
456 683 605 757 salutaris
620 684 853 782 generationis,
871 684 1217 785 maeuiasseeleroque
1231 662 1346 758 virtute
1361 685 1502 786 Spiritus
1514 686 1624 760 Sancti
1640 689 1811 762 mundans.

245 808 377 882 Poenam
395 807 481 907 passi
498 818 574 877 sunt
590 805 731 906 AEgyptii
748 805 823 905 quia
841 805 968 906 decepti
987 820 1148 903 negarunt
1166 807 1281 879 Deum.
1300 806 1394 880 Jesus
1412 807 1542 881 intravit
1558 809 1729 908 AEgyptum
1749 811 1814 882 ibi-

243 957 308 1029 que
330 929 482 1028 pietatem
502 926 671 999 seminavit
694 953 767 1025 erge
793 927 915 1011 Deum,
935 939 971 999 ut
987 927 1211 1026 AEgpptiorum
1231 928 1356 1000 animas
1378 928 1420 1000 ab
1445 956 1554 1002 errore
1576 929 1734 1002 reducens
1756 932 1814 1003 Dei

243 1049 362 1122 amiras
379 1049 538 1121 redderet.
558 1048 666 1148 Aquas
690 1047 778 1120 duvii
799 1047 914 1146 dignas
931 1049 1037 1120 effecit
1055 1061 1091 1120 nt
1110 1049 1204 1149 quasi
1224 1077 1343 1122 corono
1361 1063 1491 1150 possent
1509 1050 1611 1150 ipsius
1630 1065 1727 1152 eaput
1743 1051 1815 1123 ein-

242 1197 333 1268 gere.

293 1345 372 1419 XXI.
402 1345 447 1417 Ne
470 1373 544 1418 vero
575 1371 757 1417 sermonem
781 1344 1024 1445 protrahamuS,
1050 1373 1211 1417 summam
1236 1345 1306 1445 ejus
1331 1359 1363 1418 et
1388 1345 1480 1446 qnasi
1505 1345 1814 1446 capitum'texentes

243 1447 442 1551 indiculum,
467 1464 703 1568 postulabimus
728 1465 892 1567 quomedo
914 1465 1073 1550 Verbum,
1089 1465 1235 1566 patiendi
1259 1467 1409 1567 incapax,
1428 1468 1547 1538 iactum
1571 1467 1611 1540 sit
1634 1495 1750 1568 eorpus
1769 1469 1813 1538 vi-

243 1616 380 1689 sumque
398 1588 511 1672 inerit,
526 1588 611 1660 idem
624 1587 664 1659 ob
683 1615 775 1659 snam
795 1586 937 1659 divinam
954 1601 1104 1659 naturam
1122 1587 1341 1660 remanendo?
1359 1583 1471 1689 (llt3)

294 1709 414 1782 Verum
434 1709 514 1810 quid
532 1708 638 1782 dicam
661 1708 779 1810 quidve
803 1706 958 1807 eloquar?
976 1707 1102 1808 Aspieie
1121 1710 1208 1782 enim
1226 1708 1355 1781 iabrum
1376 1721 1408 1780 et
1429 1708 1638 1808 praesepium,
1657 1735 1812 1808 puerum,

244 1830 464 1930 virginemque
489 1827 678 1927 genitrieem
703 1829 856 1902 omnibus
875 1828 1062 1900 destitutam
1083 1842 1274 1930 paupertate
1297 1829 1541 1930 indigentiaque
1561 1857 1758 1930 oppressam.
1775 1829 1815 1903 Et

244 1979 330 2023 nune
345 1951 475 2024 attendo
493 1951 535 2022 ad
556 1978 654 2051 quem
671 1931 870 2051 paupertatis
891 1976 1054 2022 excessum
1074 1949 1134 2022 Dei
1150 1950 1299 2047 majestas
1316 1948 1479 2022 exciderit.
1499 1948 1665 2022 «Verbum
1683 1964 1815 2050 propter

242 2099 328 2144 enos
345 2097 471 2173 pauper
484 2071 606 2142 iactum
619 2084 680 2154 est,
694 2097 766 2142 eum
780 2069 869 2143 dives
887 2081 970 2142 esset
981 2074 1030 2140 ¹.»
1046 2069 1073 2142 N
1075 2098 1118 2142 on
1138 2069 1225 2143 enim
1238 2070 1272 2142 in
1287 2069 1370 2142 lecto
1384 2068 1581 2170 culcitasque
1593 2069 1743 2170 desuper,
1757 2070 1813 2142 sed

242 2219 340 2292 super
353 2219 479 2292 pannos
499 2191 642 2292 positum
657 2202 715 2262 est.
733 2186 762 2263 0
780 2201 969 2290 paupertas,
988 2189 1086 2262 totius
1103 2189 1292 2264 elevationis
1309 2191 1395 2262 sous!
1413 2185 1441 2262 Ο
1460 2189 1637 2288 indigentia
1655 2218 1728 2290 quar
1745 2191 1815 2263 tbe-

242 2341 355 2387 sauros
376 2312 513 2413 reperis!
533 2313 662 2414 Pauper
683 2323 818 2411 apparet
840 2324 872 2383 et
891 2310 1009 2384 divitiis
1026 2339 1190 2412 ‚pauperes
1211 2312 1370 2384 cumulat!
1389 2311 1425 2383 ln
1443 2310 1601 2412 presepio
1623 2311 1812 2384 animalium
1836 2295 1842 2302 ¹

239 2437 325 2534 jacet
347 2446 379 2506 et
396 2432 492 2505 verbo
515 2445 694 2504 commovet
721 2430 849 2504 orbem!
871 2431 907 2503 ln
930 2431 1047 2532 pannis
1072 2430 1252 2504 obvolvitur
1273 2430 1382 2504 ridens
1405 2442 1437 2503 et
1461 2443 1666 2531 peecatorum
1685 2431 1813 2504 vincula

242 2554 362 2651 frangit
377 2553 452 2652 qui,
470 2579 537 2624 une
552 2551 669 2636 verbo,
688 2552 730 2623 ad
747 2578 842 2623 suum
856 2551 979 2623 cultum
996 2551 1155 2624 revocavit
1172 2552 1296 2624 orbem.

293 2729 386 2802 XXII.
417 2728 505 2812 Quid
526 2693 632 2799 diuam
653 2727 770 2827 quidve
788 2726 942 2827 eloquar?
966 2728 1108 2800 Puerum
1126 2727 1242 2828 pannis
1260 2728 1447 2801 obvolutum
1472 2741 1504 2801 et
1522 2729 1661 2830 positum
1680 2730 1713 2800 in
1731 2757 1812 2828 pras-

242 2853 330 2950 sopio
354 2849 463 2934 vidoo;
484 2847 602 2934 Maria,
622 2849 711 2948 virge
730 2847 878 2920 simulet
900 2861 1012 2933 mater,
1032 2861 1095 2920 stat
1115 2847 1277 2921 famulans
1299 2877 1372 2921 eum
1389 2848 1545 2950 Josepbo,
1565 2825 1626 2948 qui
1640 2847 1744 2922 dictus
1765 2865 1813 2922 ost

242 2971 289 3042 vir
302 2971 381 3070 ejus.
401 2971 462 3042 Iste
482 2971 568 3042 enirn
587 2970 634 3041 vir
651 2970 826 3042 vocabatur
840 2981 873 3041 et
889 2969 944 3043 illa
962 2997 1042 3042 uxor
1057 2969 1237 3055 dicebatur,
1252 2969 1438 3042 nominibus
1455 2969 1587 3070 quidem
1607 2971 1811 3043 matrimonio

242 3091 409 3190 congruis,
426 3105 475 3163 ast
494 3091 698 3164 solummodo
715 3091 820 3164 verbis
839 3117 904 3163 non
931 3104 1040 3164 autem
1063 3090 1170 3164 rebus.
1194 3091 1335 3192 Josepbo
1356 3091 1443 3164 enim
1464 3091 1655 3192 desponsata
1673 3105 1735 3176 est,
1754 3069 1810 3163 'sod
1932 3139 1936 3147 -

242 3239 312 3284 eam
328 3211 388 3284 sibi
403 3213 537 3285 retinuit
550 3211 689 3314 Spiritus
702 3213 857 3296 Sanetus,
872 3213 1050 3284 secundum
1063 3212 1152 3313 quod
1165 3211 1367 3312 Evangeiista
1382 3212 1480 3284 dicit:
1495 3212 1660 3313 eSpiritos
1673 3213 1812 3286 Sanctus

242 3333 372 3406 «veniet
388 3333 420 3404 in
437 3348 468 3405 te
484 3345 515 3405 et
526 3333 626 3405 virtus
640 3332 794 3404 Altissimi
804 3331 1014 3405 obumbrabit
1031 3359 1129 3434 snper
1146 3347 1194 3419 te,
1205 3334 1282 3435 quia
1297 3331 1387 3433 quod
1402 3347 1553 3407 nascetur
1567 3361 1603 3405 ex
1620 3347 1650 3405 te
1665 3346 1810 3406 sanctum

241 3469 329 3539 eost,
347 3471 443 3556 atque
462 3483 479 3526 e
498 3453 617 3527 coelesti
633 3455 815 3528 semine².a
836 3455 906 3528 Non
922 3454 1063 3526 audebat
1075 3455 1168 3555 loqui
1185 3454 1322 3556 Josepb,
1334 3455 1489 3556 quoniam
1505 3456 1614 3554 justus
1625 3468 1692 3526 erat
1709 3453 1811 3551 Virgi-

236 3582 382 3676 'nemque
410 3575 599 3649 calumniari
624 3577 765 3648 nolebat.
782 3575 851 3647 Non
879 3575 1020 3648 audebat
1044 3603 1103 3648 nee
1125 3576 1237 3647 sceleri
1256 3577 1386 3649 eredere
1408 3605 1467 3648 neo
1491 3575 1532 3648 de
1546 3577 1677 3673 Virgine
1701 3587 1810 3647 sancta

240 3697 325 3769 mala
346 3698 488 3798 preferre
509 3696 616 3770 verba.
634 3697 835 3769 Nasciturnm
860 3696 964 3768 filium
986 3723 1052 3769 nen
1075 3697 1210 3769 curabat
1230 3697 1394 3796 appellare
1414 3723 1524 3782 suum,
1544 3698 1620 3800 qnia
1640 3709 1808 3770 noverata

106 3825 112 3832 '
239 3847 274 3890 se
290 3847 365 3890 eum
381 3847 446 3890 non
464 3846 544 3890 esse.

290 3996 399 4068 ΧΧΙΙΙ.
429 3996 465 4068 ln
487 3995 539 4068 bis
561 4022 637 4092 ergo
658 3995 737 4067 dum
758 4023 874 4095 anceps
898 3995 1049 4078 haereret,
1075 3995 1181 4068 inians
1202 3996 1275 4095 quis
1299 4008 1381 4068 esset
1406 4022 1472 4068 non
1495 3995 1714 4093 intelligebat;
1730 3995 1809 4068 dum

239 4143 336 4216 porro
353 4118 422 4190 haec
439 4143 548 4189 seeum
566 4117 736 4215 cogitaret,
756 4116 892 4188 eoelestis
913 4115 962 4188 illi
983 4115 1061 4188 visio
1077 4117 1174 4190 missa
1192 4130 1251 4188 est.
1266 4116 1425 4216 Apparuit
1441 4115 1527 4189 enim
1549 4117 1578 4188 ei
1599 4116 1734 4214 augelus
1753 4117 1810 4216 qui

240 4237 395 4310 accedens
424 4238 546 4310 solatus
574 4251 621 4310 est
648 4265 740 4322 eum,
765 4237 875 4309 dicens
895 4263 902 4305 :
924 4235 1021 4310 «Noti
1044 4237 1173 4322 timere,
1192 4239 1311 4339 Josepb
1335 4236 1379 4309 tili
1407 4237 1525 4324 David3
1545 4237 1634 4336 quod
1661 4237 1748 4309 enirn
1774 4265 1810 4309 ex

241 4357 365 4430 «Maria
389 4359 587 4432 nasciturum
608 4371 673 4442 est,
692 4371 839 4430 sanctum
860 4371 908 4430 est
930 4372 962 4430 et
981 4359 1145 4432 vocabitur
1171 4358 1271 4431 Filius
1292 4358 1506 4431 altissima„
1529 4357 1566 4429 ld
1586 4371 1656 4429 ost:
1673 4357 1811 4430 eveniet

240 4478 405 4579 «Spiritus
421 4481 559 4554 Sanctus
575 4479 607 4551 in
627 4479 792 4576 Virginem
809 4479 1051 4553 immaculatam
1070 4495 1101 4552 ot
1117 4479 1325 4552 obumbrabit
1343 4481 1373 4550 oi
1389 4479 1488 4552 virtus
1502 4477 1657 4550 Altissimi
1668 4483 1718 4551 ⁴.»

291 4601 469 4702 Eapropter
487 4628 560 4674 vere
585 4612 733 4672 nascetur
753 4600 793 4678 do
814 4600 937 4699 virgine
961 4603 1053 4701 cujus
1071 4600 1285 4698 virginitatem
1303 4600 1442 4672 servabit
1459 4599 1630 4698 integram.
1647 4599 1810 4683 Quoniam

241 4749 313 4794 vero
340 4721 429 4822 prior
451 4722 539 4821 virgo
562 4749 581 4793 a
603 4722 723 4794 Satana
747 4721 862 4794 cecidit
885 4721 1034 4806 seducta,
1050 4721 1160 4794 Mariae
1181 4720 1304 4818 Virgini
1328 4721 1481 4794 nuntium
1503 4720 1593 4792 dedit
1612 4719 1757 4804 Gabriel,
1774 4732 1811 4791 ut

239 4842 328 4940 virgo
348 4843 481 4942 virgini,
496 4855 609 4944 partus
624 4843 732 4944 partui
746 4843 860 4916 similis
876 4842 942 4916 fiat.
960 4841 1132 4915 blanditiis
1149 4841 1282 4942 decepta
1298 4842 1434 4942 protulit
1449 4840 1513 4913 Eva
1529 4867 1693 4913 sermones
1710 4840 1810 4912 lethi-

239 4963 339 5046 ieros,
367 4963 533 5065 Mariaque
554 4965 706 5037 nuntium
728 4965 889 5066 accipiens
905 4963 1048 5036 Verbum
1066 4963 1268 5035 incarnatum
1294 4977 1325 5035 et
1346 4962 1506 5034 vivificum
1530 4960 1642 5034 edidit.
1666 4960 1718 5034 Ob
1739 4961 1810 5033 Evae

239 5112 403 5158 sormones
423 5086 565 5159 Adamas
581 5085 621 5157 de
640 5087 792 5158 Paradiso
812 5087 932 5182 ejectus
952 5097 1010 5158 est.
1025 5083 1167 5157 Verbum
1185 5098 1292 5156 autern
1310 5084 1351 5156 de
1364 5081 1496 5182 Virgine
1514 5081 1664 5184 (natum)
1682 5109 1808 5154 cruram
1895 5159 1897 5166 ,

277 5309 285 5340 ¹
306 5306 1415 5380 linteamenta-2tu.r,as.--³ttmt.r,no,21.-·tv0.1‚3a.
