3990 6092
238 559 305 626 270
589 556 761 623 PATRUM
791 555 1191 624 ANTENACAENORUM
1221 557 1456 624 ANALECTA.

287 709 339 780 Xl.
369 707 422 780 «Ο
439 707 576 780 altitudo
594 706 778 779 divitiarum
795 705 961 806 sapientiae
980 705 1103 777 lleillx
1120 705 1195 780 Haec
1214 706 1375 804 intellige,
1393 708 1492 780 frater
1510 707 1555 780 mi
1571 707 1754 792 Timotheo,
1774 725 1807 782 et

235 831 323 902 Deus
339 829 397 902 tibi
415 829 536 902 tribuat
555 827 767 900 intellectum.
788 827 850 900 Ubi
872 827 1033 900 Petrus²l
1053 827 1112 900 Ubi
1136 827 1278 900 Paulus?
1302 828 1363 902 Ubi
1381 828 1524 926 theologi
1548 829 1712 902 mirabiles
1729 831 1806 902 istit

236 951 297 1024 Ubi
316 951 382 1022 Deo
401 951 489 1050 pleni
504 950 587 1022 viril
604 949 664 1022 Ubi
682 949 748 1021 veri
767 947 814 1019 illi
827 947 886 1019 lilii
904 947 1065 1030 DeilVae,
1082 947 1265 1032 Timotheo,
1277 977 1322 1020 vae
1339 949 1526 1022 hominibus
1543 950 1606 1022 illis
1624 951 1681 1052 qui
1699 965 1805 1051 patres

234 1099 311 1144 suos
325 1072 530 1144 occiderunt!
553 1071 605 1142 Vae
623 1070 789 1170 discipulis
807 1069 864 1170 qui
881 1069 1132 1168 preceptoribus
1149 1071 1291 1144 extranei
1310 1069 1385 1142 lacti
1400 1073 1497 1142 sunt!
1519 1069 1587 1170 [Vae
1603 1071 1716 1144 ovibus
1732 1100 1805 1172 quae

234 1208 362 1293 pastore
377 1193 496 1266 orbatae
515 1198 611 1264 sunt³
624 1191 649 1292 l]
666 1191 719 1263 Va
737 1191 863 1288 egrotis
879 1218 897 1260 a
913 1189 1032 1290 quibus
1050 1190 1147 1262 distat
1166 1190 1283 1263 medici
1299 1190 1433 1293 [cural]
1453 1205 1486 1263 et
1502 1193 1544 1264 ad
1563 1219 1644 1293 quos
1661 1193 1806 1266 medicus

235 1341 301 1386 non
317 1314 458 1387 accedit!
479 1312 632 1414 O[2l18]
656 1313 783 1410 lingua,
806 1301 1036 1411 sapientiaeque
1056 1337 1195 1384 oceanus
1214 1311 1337 1412 absque
1349 1292 1511 1386 termino!
1532 1312 1560 1385 Ο
1578 1313 1805 1412 profunditaa⁵

234 1434 467 1508 inscrutabilis!
489 1434 626 1518 Paulus,
642 1433 923 1534 propugnaculum
943 1431 1209 1532 inexpugnabile,
1224 1433 1281 1532 qui
1298 1432 1467 1506 thesauros
1488 1434 1521 1504 in
1542 1433 1632 1506 libris
1649 1434 1803 1532 collegisti

234 1569 266 1628 et
287 1556 499 1640 abscondisti,
525 1557 552 1628 si
578 1555 673 1628 nobis
692 1554 846 1626 dixisses:
873 1553 977 1626 «Ecce
999 1553 1116 1625 lestino
1142 1552 1184 1626 ad
1207 1553 1412 1637 Christum„
1437 1555 1645 1653 epistolarum
1674 1570 1803 1628 tuarum

235 1678 463 1750 commentaria
487 1677 625 1749 scribere
647 1676 866 1748 curassemus!
888 1674 976 1760 Quid
995 1701 1128 1772 agemus
1145 1701 1231 1746 nunc
1254 1703 1328 1748 cum
1350 1675 1547 1748 defraudasti
1569 1683 1649 1748 noa⁶
1667 1677 1804 1750 lectione

233 1798 392 1870 librorum
404 1800 418 1868 l
429 1798 482 1870 Vae
496 1797 589 1870 nobis
602 1797 636 1868 in
654 1797 765 1868 dolore
779 1809 811 1868 et
823 1796 1014 1868 contritione
1028 1794 1148 1878 cordis,
1167 1823 1239 1896 quae
1253 1795 1429 1896 [venerunt
1442 1823 1539 1896 super
1549 1803 1631 1870 nos⁷
1645 1796 1674 1897 l]
1694 1799 1805 1870 Frater

233 1920 278 1990 mi
301 1919 485 2002 Timotbee,
504 1945 546 1990 ne
563 1918 651 2016 legas
668 1918 766 1989 Vetus
781 1918 1040 2000 Testamentum,
1059 1916 1116 1988 sed
1133 1931 1296 1989 memento
1315 1918 1457 2014 regulae⁸
1475 1945 1573 2017 quam
1596 1917 1717 1990 Paulus
1737 1933 1805 1990 tra-

234 2040 326 2112 didit.
351 2039 485 2112 Divinus
508 2039 618 2110 enim⁹
640 2039 695 2110 ille
711 2039 832 2110 Paulus
845 2038 924 2109 dixit
942 2069 950 2109 :
969 2038 1030 2110 asi
1049 2053 1157 2110 autem
1176 2065 1241 2110 non
1265 2037 1405 2111 adiuerit
1428 2039 1602 2138 interpres,
1625 2067 1665 2111 ne
1690 2039 1804 2137 legatis

233 2161 371 2234 «Libros
392 2173 554 2234 sanctos.»
578 2161 658 2232 Ecce
686 2174 794 2232 autern
820 2159 953 2232 abstulit
979 2160 1087 2233 omnia
1120 2158 1278 2232 librorum
1303 2160 1590 2260 interpretamenta
1600 2165 1625 2205 ¹⁰
1645 2161 1803 2232 Dominus

232 2283 408 2382 sapientie.
433 2283 544 2354 Frater
566 2282 611 2354 mi
637 2280 822 2359 Timothee,
851 2307 961 2354 curam
985 2307 1061 2379 age,
1075 2282 1206 2380 jejuna,
1227 2280 1338 2376 vigila,
1363 2307 1440 2380 roga
1466 2296 1501 2352 ut
1523 2280 1618 2353 nobis
1644 2281 1803 2354 Dominus

233 2417 343 2476 noster
358 2404 465 2476 tradat
481 2403 647 2476 scientiam
666 2401 770 2474 Pauli.
790 2402 861 2501 lpse
882 2401 968 2474 enim
986 2401 1062 2476 Elia
1077 2400 1274 2502 propheta¹¹
1287 2401 1479 2502 discipulus,
1498 2401 1620 2502 absque
1633 2429 1802 2484 mensura,

233 2525 297 2597 fine
317 2540 348 2596 et
364 2526 451 2624 lege,
471 2551 488 2596 a
506 2523 657 2623 magistro
673 2523 930 2622 suopostolavit,
950 2522 1036 2594 unde
1054 2522 1102 2594 illi
1119 2523 1222 2620 gratia
1236 2537 1364 2622 nonest
1380 2522 1548 2620 denegata.
1566 2566 1617 2581 -·
1632 2522 1683 2596 Ob
1701 2551 1799 2624 quam

233 2661 340 2719 tamen
356 2670 485 2717 causam
499 2643 585 2716 dona
604 2645 713 2716 omnia
729 2670 878 2715 concessa
893 2643 1196 2728 sanct-Quia12,
1216 2643 1369 2741 magistro
1387 2670 1445 2742 per
1462 2644 1571 2716 omnia
1589 2644 1702 2716 similis
1716 2645 1800 2716 exis-

232 2783 317 2852 tens,
336 2793 505 2866 nunquam
525 2793 601 2863 erga
623 2765 813 2862 magistrum
831 2763 962 2836 taedium
985 2778 1041 2836 aut
1059 2791 1226 2836 rancorem
1245 2777 1393 2864 expertus
1409 2779 1466 2836 cst.
1485 2765 1605 2848 Etiam,
1625 2793 1698 2838 cum
1716 2780 1799 2838 terra

269 2983 276 3014 ¹
296 2977 334 3032 Ad
348 2977 411 3032 Rom.
426 2997 463 3040 xx,
476 2979 520 3032 33.
529 2981 586 3018 -—²
608 2980 624 3032 A
636 2977 678 3030 att
687 2976 779 3030 Paulus
789 2987 811 3031 at
823 2975 927 3031 Petraea?
942 3009 980 3016 —
1053 2964 1164 3050 ragatlam
1173 2995 1223 3030 aare
1234 2995 1300 3030 ornae
1310 2974 1407 3030 ondam
1419 2997 1434 3030 a
1446 2975 1495 3030 Deo
1506 2977 1637 3050 prolatum.
1653 3009 1689 3018 —-
1703 2981 1721 3012 ¹⁰
1740 2976 1802 3032 lAd

230 3077 240 3107 ³
259 3074 279 3128 A
293 3073 373 3127 omitt.
384 3073 444 3112 -l
464 3069 499 3125 ld.
518 3103 554 3111 -
574 3075 583 3103 ⁵
604 3073 622 3124 A
640 3073 761 3126 imaaeora.
779 3103 817 3112 -
833 3074 842 3104 ⁸
862 3073 880 3124 A
898 3071 979 3124 omitt.
1057 3069 1161 3124 Coaah
1174 3089 1221 3135 xrv,
1237 3073 1308 3125 aaa
1322 3089 1411 3124 omnam
1425 3071 1566 3142 ωρὶοπιίαω
1580 3071 1733 3125 abstrahe-
1745 3075 1761 3104 ¹¹
1781 3075 1800 3127 A

230 3186 281 3220 noa.
298 3197 335 3208 —
352 3168 360 3196 ⁷
381 3169 400 3220 A
416 3165 496 3219 omitt.
509 3169 567 3205 -Ε
587 3167 605 3219 A
621 3164 744 3218 oblationis
762 3165 815 3220 loco
830 3165 930 3239 agata.
943 3197 980 3205 ——
1055 3165 1134 3217 omitt.
1142 3163 1273 3235 propheta.
1283 3196 1320 3204 -
1330 3166 1349 3196 ¹²
1367 3163 1480 3217 Bomitt
1490 3165 1557 3236 quic.

230 3263 240 3293 ⁹
255 3257 351 3314 Aaddit
360 3258 490 3328 malagna.
501 3261 519 3313 A
531 3259 612 3312 omitt.
623 3257 715 3312 Paulas
727 3267 752 3313 et
760 3258 844 3312 addit:
856 3277 885 3312 aa
897 3259 980 3312 medas

231 3615 294 3654 cum
308 3591 412 3676 gaudio
426 3601 454 3654 et
467 3591 575 3654 olfactu.
592 3591 665 3653 Vero
678 3601 706 3651 tu
719 3589 794 3651 solua
808 3589 911 3672 dignus
920 3587 1085 3648 charismata
1099 3587 1163 3648 talia
1175 3587 1300 3670 adipisci.
1317 3591 1359 3651 Sit
1370 3590 1421 3652 tibi
1432 3603 1529 3654 notum
1543 3593 1655 3677 insuper
1668 3595 1799 3676 quoniam

229 3693 381 3780 gloriosum
398 3693 509 3755 Petrum
519 3692 707 3776 deposuerunt
719 3690 753 3752 de
768 3690 844 3774 ligno
854 3699 881 3748 et
893 3697 976 3770 caput
991 3687 1051 3769 ejus
1062 3687 1172 3769 corpori
1182 3685 1340 3750 adherebat
1349 3691 1367 3750 ¹.

272 3797 343 3858 Cum
361 3807 453 3858 autem
474 3793 589 3857 Paulum
609 3793 824 3859 decollaverunt,
843 3799 926 3872 caput
948 3797 1144 3872 separaverunt
1162 3810 1319 3874 acorporc,
1335 3793 1507 3876 projicientes
1522 3796 1550 3856 in
1571 3797 1669 3860 vallea
1687 3819 1801 3882 corpore

230 3909 401 3982 separatum,
423 3907 450 3959 et
469 3907 582 3981 propter
596 3894 802 3958 multitudinem
817 3894 982 3962 occisorum,
999 3893 1049 3977 qui
1063 3891 1195 3954 interlecti
1209 3903 1274 3954 sunt
1290 3893 1337 3956 illo
1351 3893 1409 3967 die,
1426 3896 1563 3980 disparuit
1576 3910 1604 3959 et
1620 3921 1676 3962 non
1693 3901 1744 3962 lixit
1755 3901 1801 3961 in-

231 4013 344 4064 ventum
364 4004 435 4064 inter
454 4001 608 4063 interiectas
629 4009 712 4084 caput
731 3999 758 4060 S.
775 3995 853 4059 Pauli
871 3997 899 4058 in
917 3997 986 4058 valle
1008 3996 1064 4057 illa.
1084 3995 1232 4058 Christiani
1252 4007 1345 4059 autem
1367 3997 1489 4060 sciebant
1507 4021 1603 4062 omnes
1624 4002 1701 4084 quod
1718 4013 1802 4087 capnt

229 4107 257 4166 S.
274 4105 350 4166 Pauli
363 4125 419 4165 non
434 4111 504 4165 esset
516 4103 667 4164 barentum.
683 4101 748 4163 Post
761 4101 879 4162 multum
891 4109 984 4163 autem
992 4101 1124 4184 ternporis
1138 4098 1279 4164 mandavit
1288 4122 1334 4163 rex
1344 4100 1474 4162 mundari
1484 4101 1633 4173 loasamet,
1644 4124 1707 4162 cum
1718 4125 1802 4164 mun-

229 4207 350 4276 daretur,
372 4207 526 4289 projectum
536 4213 578 4267 est
591 4216 676 4289 caput
687 4207 715 4267 S.
729 4203 809 4265 Pauli
825 4225 889 4265 cum
902 4204 963 4265 aliis
978 4203 1178 4288 purgamentis.
1191 4203 1312 4276 Quidam
1329 4212 1422 4265 aulem
1437 4213 1532 4287 pastor
1541 4203 1621 4286 juxta
1640 4203 1732 4264 locum
1747 4205 1800 4264 iter

229 4309 331 4370 laciena
345 4309 443 4369 levavit
464 4307 532 4369 illud
550 4307 579 4368 in
597 4307 676 4392 virga
695 4329 745 4370 sua
765 4317 793 4368 et
812 4307 870 4368 fixit
886 4305 955 4368 illud
970 4307 1049 4390 joxta
1070 4307 1162 4368 caulas
1180 4308 1275 4369 ovium
1295 4327 1418 4368 auarum.
1436 4305 1511 4367 Vidit
1529 4315 1635 4376 autem,
1654 4305 1683 4366 in
1702 4304 1798 4367 eadem

229 4418 319 4478 nocte,
335 4409 437 4492 super'
450 4408 517 4471 illud
529 4409 619 4474 lucem
634 4419 661 4472 et
675 4410 792 4495 gloriam
811 4407 975 4471 ineffabilem
992 4419 1020 4470 et
1040 4409 1092 4470 hoc
1107 4407 1175 4471 vidit
1192 4429 1243 4493 per
1262 4419 1317 4471 tres
1335 4410 1479 4470 continuas
1503 4419 1605 4470 noctes.
1623 4407 1657 4469 Et
1678 4416 1743 4469 tunc
1757 4408 1801 4468 in-

227 4533 340 4596 gressos
353 4511 456 4573 Urbem
476 4512 641 4597 significarit
656 4512 770 4574 domino
787 4533 838 4573 suo
852 4510 929 4595 qnod
940 4511 1055 4572 viderat.
1071 4510 1204 4595 Egressus
1218 4521 1311 4574 autem
1325 4511 1456 4572 dominus
1467 4511 1528 4596 ejus
1540 4509 1609 4573 vidit
1623 4510 1693 4572 sicut
1707 4519 1802 4594 pastor

228 4614 332 4677 viderat
339 4625 367 4678 et
374 4637 439 4677 cum
446 4615 617 4678 festinatione
625 4613 903 4685 nuntiaritl'abellio,
912 4613 1075 4698 patriarcha
1082 4613 1219 4686 Romano,
1229 4625 1256 4675 et
1263 4612 1393 4676 omnibus
1402 4612 1570 4698 presbyteris
1579 4624 1607 4675 et
1613 4611 1799 4698 principibus³

228 4719 333 4803 populi.
345 4717 454 4802 Egressi
465 4718 545 4780 multi
557 4717 684 4780 viderunt
694 4715 738 4779 et*
750 4717 878 4779 dixerunt
890 4715 1067 4778 adinvicem:
1081 4715 1169 4778 «Vere
1179 4715 1232 4779 hoc
1241 4727 1282 4778 est
1294 4726 1377 4800 caput
1390 4715 1497 4778 Paulin
1510 4715 1643 4801 Egressus
1655 4724 1799 4777 astantem

227 4821 357 4884 dominus
371 4843 434 4912 cum
450 4821 613 4883 turbarom⁵
632 4819 823 4889 multitudine,
846 4829 873 4880 et
894 4827 1074 4903 portaverunt
1090 4839 1174 4900 super
1195 4839 1318 4880 mensem
1333 4841 1446 4881 auream
1462 4829 1489 4881 et
1512 4819 1682 4881 attentabant
1697 4837 1800 4901 ponere

226 4946 290 4986 cum
307 4946 421 5009 corpore
435 4924 528 4995 Pauli,
547 4923 594 4985 sed
610 4923 766 5006 patriarcha
781 4920 923 5005 prohibuit
946 4921 1055 4983 dicens:
1072 4920 1146 4981 «Nos
1170 4920 1272 4982 scimus
1292 4921 1368 5004 quod
1383 4922 1463 4983 multi
1478 4919 1571 4982 fideles
1589 4919 1670 4981 occisi
1690 4919 1800 4980 suntin

229 5026 316 5088 «orbe
331 5027 382 5089 hac
394 5039 421 5089 et
435 5026 632 5111 dispersosnnt
645 5027 672 5088 in
686 5036 808 5110 tempore
820 5024 866 5086 illo
879 5022 1003 5086 membra
1017 5024 1151 5085 illomma
1164 5023 1312 5094 Gentibus,
1322 5033 1349 5085 et
1360 5024 1507 5085 non‘sunt
1518 5023 1629 5084 inventa
1641 5045 1648 5083 :
1660 5020 1735 5084 unde
1744 5041 1799 5082 non

264 5255 271 5285 ¹
293 5254 310 5306 A
326 5251 345 5304 Γ
362 5255 410 5324 ¹57
428 5259 458 5312 r⁰,
471 5253 516 5305 col.
532 5273 556 5304 o.
574 5285 608 5293 -
624 5257 633 5285 ²
654 5255 671 5306 A
688 5251 756 5306 addit
768 5261 848 5324 caput.
865 5253 920 5292 -³
940 5249 1049 5302 Aomitt.
1060 5249 1152 5322 populi.
1167 5250 1219 5288 -l
1241 5247 1349 5318 xl157
1365 5251 1396 5310 v⁰,
1412 5245 1458 5300 col.
1478 5265 1499 5300 x.
1511 5251 1569 5288 -⁵
1589 5249 1607 5300 A
1624 5245 1744 5299 rabonem.
1763 5276 1799 5286 —

227 5355 235 5375 ⁰
257 5345 287 5404 B,
300 5344 318 5398 C
331 5344 413 5398 omiti.
428 5363 483 5398 attat.
