<?xml version="1.0" encoding="UTF-8"?>
<!DOCTYPE html PUBLIC "-//W3C//DTD XHTML 1.0 Transitional//EN"
    "http://www.w3.org/TR/xhtml1/DTD/xhtml1-transitional.dtd">
<html xmlns="http://www.w3.org/1999/xhtml" xml:lang="en" lang="en">
 <head>
  <title>
</title>
<meta http-equiv="Content-Type" content="text/html;charset=utf-8" />
  <meta name='ocr-system' content='tesseract 3.04.00' />
  <meta name='ocr-capabilities' content='ocr_page ocr_carea ocr_par ocr_line ocrx_word'/>
</head>
<body>
  <div class='ocr_page' id='page_1' title='image "./analectasacrasp03pitrgoog_0323.png"; bbox 0 0 3990 6092; ppageno 0'>
   <div class='ocr_carea' id='block_1_1' title="bbox 241 619 1460 687">
    <p class='ocr_par' dir='ltr' id='par_1_1' title="bbox 241 619 1460 687">
     <span class='ocr_line' id='line_1_1' title="bbox 241 619 1460 687; baseline 0 -1"><span class='ocrx_word' id='word_1_1' title='bbox 241 621 308 687; x_wconf 75' lang='lat'><strong>276</strong></span> <span class='ocrx_word' id='word_1_2' title='bbox 581 619 767 686; x_wconf 80' lang='lat' dir='ltr'>&#39;PATRUM</span> <span class='ocrx_word' id='word_1_3' title='bbox 794 619 1192 686; x_wconf 78' lang='lat' dir='ltr'><strong>ANTENlCAENDRUM</strong></span> <span class='ocrx_word' id='word_1_4' title='bbox 1220 619 1460 686; x_wconf 76' lang='lat' dir='ltr'><strong>leLllCl&#39;d.</strong></span> 
     </span>
    </p>
   </div>
   <div class='ocr_carea' id='block_1_2' title="bbox 197 768 1813 2082">
    <p class='ocr_par' dir='ltr' id='par_1_2' title="bbox 197 768 1813 2082">
     <span class='ocr_line' id='line_1_2' title="bbox 239 768 1813 870; baseline 0.002 -29"><span class='ocrx_word' id='word_1_5' title='bbox 239 769 378 869; x_wconf 85' lang='lat' dir='ltr'><strong>postula.</strong></span> <span class='ocrx_word' id='word_1_6' title='bbox 391 768 489 854; x_wconf 86' lang='lat' dir='ltr'><strong>Nam,</strong></span> <span class='ocrx_word' id='word_1_7' title='bbox 504 770 563 840; x_wconf 89' lang='lat' dir='ltr'><strong>etsi</strong></span> <span class='ocrx_word' id='word_1_8' title='bbox 574 769 698 842; x_wconf 80' lang='lat' dir='ltr'><strong>Eliseus</strong></span> <span class='ocrx_word' id='word_1_9' title='bbox 711 768 874 870; x_wconf 80' lang='lat' dir='ltr'><strong>duplicem</strong></span> <span class='ocrx_word' id='word_1_10' title='bbox 893 769 1109 870; x_wconf 76' lang='lat' dir='ltr'><strong>expoposcerit</strong></span> <span class='ocrx_word' id='word_1_11' title='bbox 1123 770 1302 870; x_wconf 77' lang='lat' dir='ltr'><strong>prophetia</strong></span> <span class='ocrx_word' id='word_1_12' title='bbox 1319 769 1551 869; x_wconf 64' lang='lat' dir='ltr'><strong>spiritum,&#39;illi</strong></span> <span class='ocrx_word' id='word_1_13' title='bbox 1569 797 1633 843; x_wconf 91' lang='lat' dir='ltr'><strong>non</strong></span> <span class='ocrx_word' id='word_1_14' title='bbox 1650 785 1698 843; x_wconf 90' lang='lat' dir='ltr'><strong>est</strong></span> <span class='ocrx_word' id='word_1_15' title='bbox 1712 770 1813 844; x_wconf 86' lang='lat' dir='ltr'><strong>dene-</strong></span> 
     </span>
     <span class='ocr_line' id='line_1_3' title="bbox 240 890 1811 991; baseline 0 -29"><span class='ocrx_word' id='word_1_16' title='bbox 240 904 313 988; x_wconf 85' lang='lat' dir='ltr'><strong>gata</strong></span> <span class='ocrx_word' id='word_1_17' title='bbox 325 890 438 991; x_wconf 88' lang='lat' dir='ltr'><strong>petitio</strong></span> <span class='ocrx_word' id='word_1_18' title='bbox 449 917 519 962; x_wconf 88' lang='lat' dir='ltr'><strong>sua.</strong></span> <span class='ocrx_word' id='word_1_19' title='bbox 532 891 598 963; x_wconf 91' lang='lat' dir='ltr'><strong>Cur</strong></span> <span class='ocrx_word' id='word_1_20' title='bbox 613 905 721 963; x_wconf 91' lang='lat' dir='ltr'><strong>autem</strong></span> <span class='ocrx_word' id='word_1_21' title='bbox 737 890 827 990; x_wconf 92' lang='lat' dir='ltr'><strong>quod</strong></span> <span class='ocrx_word' id='word_1_22' title='bbox 840 903 1007 988; x_wconf 72' lang='lat' dir='ltr'>rogaverat</span> <span class='ocrx_word' id='word_1_23' title='bbox 1019 890 1308 991; x_wconf 72' lang='lat' dir='ltr'><strong>accepitl-—Quia</strong></span> <span class='ocrx_word' id='word_1_24' title='bbox 1323 903 1433 990; x_wconf 83' lang='lat' dir='ltr'><strong>gratus</strong></span> <span class='ocrx_word' id='word_1_25' title='bbox 1444 892 1506 963; x_wconf 88' lang='lat' dir='ltr'><strong>luit</strong></span> <span class='ocrx_word' id='word_1_26' title='bbox 1518 893 1670 990; x_wconf 80' lang='lat' dir='ltr'><strong>magistro</strong></span> <span class='ocrx_word' id='word_1_27' title='bbox 1684 921 1742 966; x_wconf 92' lang='lat' dir='ltr'><strong>suo</strong></span> <span class='ocrx_word' id='word_1_28' title='bbox 1754 921 1811 964; x_wconf 90' lang='lat' dir='ltr'><strong>nec</strong></span> 
     </span>
     <span class='ocr_line' id='line_1_4' title="bbox 240 1010 1810 1114; baseline 0.003 -29"><span class='ocrx_word' id='word_1_29' title='bbox 240 1011 281 1085; x_wconf 85' lang='lat' dir='ltr'><strong>ab</strong></span> <span class='ocrx_word' id='word_1_30' title='bbox 296 1012 389 1084; x_wconf 92' lang='lat' dir='ltr'><strong>initio</strong></span> <span class='ocrx_word' id='word_1_31' title='bbox 406 1013 603 1085; x_wconf 81' lang='lat' dir='ltr'><strong>contristavit</strong></span> <span class='ocrx_word' id='word_1_32' title='bbox 615 1013 763 1113; x_wconf 90' lang='lat' dir='ltr'><strong>spiritum</strong></span> <span class='ocrx_word' id='word_1_33' title='bbox 781 1014 860 1110; x_wconf 88' lang='lat' dir='ltr'><strong>ejus.</strong></span> <span class='ocrx_word' id='word_1_34' title='bbox 878 1010 993 1085; x_wconf 91' lang='lat' dir='ltr'><strong>Omnis</strong></span> <span class='ocrx_word' id='word_1_35' title='bbox 1004 1011 1090 1083; x_wconf 92' lang='lat' dir='ltr'><strong>enim</strong></span> <span class='ocrx_word' id='word_1_36' title='bbox 1101 1011 1296 1084; x_wconf 89' lang='lat' dir='ltr'><strong>licetrerum</strong></span> <span class='ocrx_word' id='word_1_37' title='bbox 1307 1014 1427 1112; x_wconf 91' lang='lat' dir='ltr'><strong>species</strong></span> <span class='ocrx_word' id='word_1_38' title='bbox 1440 1039 1547 1086; x_wconf 85' lang='lat' dir='ltr'><strong>coram</strong></span> <span class='ocrx_word' id='word_1_39' title='bbox 1563 1014 1632 1114; x_wconf 91' lang='lat' dir='ltr'><strong>ipso</strong></span> <span class='ocrx_word' id='word_1_40' title='bbox 1646 1028 1810 1091; x_wconf 87' lang='lat' dir='ltr'><strong>tremeret.</strong></span> 
     </span>
     <span class='ocr_line' id='line_1_5' title="bbox 240 1132 1812 1232; baseline 0.001 -27"><span class='ocrx_word' id='word_1_41' title='bbox 240 1159 416 1232; x_wconf 88' lang='lat' dir='ltr'><strong>omnesque</strong></span> <span class='ocrx_word' id='word_1_42' title='bbox 436 1132 585 1207; x_wconf 88' lang='lat' dir='ltr'><strong>homines</strong></span> <span class='ocrx_word' id='word_1_43' title='bbox 603 1134 744 1206; x_wconf 88' lang='lat' dir='ltr'><strong>odissent</strong></span> <span class='ocrx_word' id='word_1_44' title='bbox 762 1161 853 1218; x_wconf 83' lang='lat' dir='ltr'><strong>eum,</strong></span> <span class='ocrx_word' id='word_1_45' title='bbox 871 1133 911 1205; x_wconf 91' lang='lat' dir='ltr'><strong>ab</strong></span> <span class='ocrx_word' id='word_1_46' title='bbox 930 1161 967 1205; x_wconf 90' lang='lat' dir='ltr'><strong>eo</strong></span> <span class='ocrx_word' id='word_1_47' title='bbox 988 1147 1096 1205; x_wconf 89' lang='lat' dir='ltr'><strong>tamen</strong></span> <span class='ocrx_word' id='word_1_48' title='bbox 1114 1133 1154 1204; x_wconf 89' lang='lat' dir='ltr'><strong>ab</strong></span> <span class='ocrx_word' id='word_1_49' title='bbox 1171 1133 1262 1205; x_wconf 92' lang='lat' dir='ltr'><strong>initio</strong></span> <span class='ocrx_word' id='word_1_50' title='bbox 1281 1161 1347 1206; x_wconf 94' lang='lat' dir='ltr'><strong>nou</strong></span> <span class='ocrx_word' id='word_1_51' title='bbox 1365 1135 1505 1206; x_wconf 81' lang='lat' dir='ltr'>recessit.</span> <span class='ocrx_word' id='word_1_52' title='bbox 1525 1134 1621 1208; x_wconf 87' lang='lat' dir='ltr'><strong>Multi</strong></span> <span class='ocrx_word' id='word_1_53' title='bbox 1636 1148 1727 1208; x_wconf 85' lang='lat' dir='ltr'><strong>erant</strong></span> <span class='ocrx_word' id='word_1_54' title='bbox 1744 1136 1812 1206; x_wconf 88' lang='lat' dir='ltr'><strong>dis·</strong></span> 
     </span>
     <span class='ocr_line' id='line_1_6' title="bbox 240 1253 1813 1354; baseline 0.002 -29"><span class='ocrx_word' id='word_1_55' title='bbox 240 1253 338 1354; x_wconf 86' lang='lat' dir='ltr'><strong>cipuli</strong></span> <span class='ocrx_word' id='word_1_56' title='bbox 355 1254 448 1338; x_wconf 82' lang='lat' dir='ltr'><strong>Eliae,</strong></span> <span class='ocrx_word' id='word_1_57' title='bbox 465 1268 498 1326; x_wconf 88' lang='lat' dir='ltr'><strong>at</strong></span> <span class='ocrx_word' id='word_1_58' title='bbox 513 1253 623 1328; x_wconf 92' lang='lat' dir='ltr'><strong>nullus</strong></span> <span class='ocrx_word' id='word_1_59' title='bbox 640 1267 756 1353; x_wconf 86' lang='lat' dir='ltr'><strong>praeter</strong></span> <span class='ocrx_word' id='word_1_60' title='bbox 769 1253 911 1326; x_wconf 85' lang='lat' dir='ltr'><strong>Eliseum</strong></span> <span class='ocrx_word' id='word_1_61' title='bbox 929 1255 1038 1326; x_wconf 87' lang='lat' dir='ltr'><strong>omnia</strong></span> <span class='ocrx_word' id='word_1_62' title='bbox 1057 1281 1170 1354; x_wconf 89' lang='lat' dir='ltr'><strong>passus</strong></span> <span class='ocrx_word' id='word_1_63' title='bbox 1188 1268 1251 1338; x_wconf 89' lang='lat' dir='ltr'><strong>est,</strong></span> <span class='ocrx_word' id='word_1_64' title='bbox 1266 1255 1352 1328; x_wconf 92' lang='lat' dir='ltr'><strong>unde</strong></span> <span class='ocrx_word' id='word_1_65' title='bbox 1370 1255 1521 1327; x_wconf 86' lang='lat' dir='ltr'><strong>lsruclitae</strong></span> <span class='ocrx_word' id='word_1_66' title='bbox 1539 1256 1705 1330; x_wconf 82' lang='lat' dir='ltr'>dicebant:</span> <span class='ocrx_word' id='word_1_67' title='bbox 1725 1257 1813 1330; x_wconf 70' lang='lat' dir='ltr'><strong>ulsto</strong></span> 
     </span>
     <span class='ocr_line' id='line_1_7' title="bbox 240 1373 1811 1476; baseline 0.003 -37"><span class='ocrx_word' id='word_1_68' title='bbox 240 1387 312 1446; x_wconf 65' lang='lat' dir='ltr'><strong>uest</strong></span> <span class='ocrx_word' id='word_1_69' title='bbox 330 1374 508 1475; x_wconf 91' lang='lat' dir='ltr'><strong>discipulus</strong></span> <span class='ocrx_word' id='word_1_70' title='bbox 523 1373 708 1475; x_wconf 76' lang='lat' dir='ltr'><strong>Prophetae,</strong></span> <span class='ocrx_word' id='word_1_71' title='bbox 732 1374 792 1446; x_wconf 88' lang='lat' dir='ltr'><strong>iste</strong></span> <span class='ocrx_word' id='word_1_72' title='bbox 813 1387 861 1446; x_wconf 90' lang='lat' dir='ltr'><strong>est</strong></span> <span class='ocrx_word' id='word_1_73' title='bbox 876 1373 1053 1474; x_wconf 90' lang='lat' dir='ltr'><strong>discipulus</strong></span> <span class='ocrx_word' id='word_1_74' title='bbox 1071 1374 1235 1446; x_wconf 80' lang='lat' dir='ltr'>violatoris</span> <span class='ocrx_word' id='word_1_75' title='bbox 1253 1374 1350 1472; x_wconf 80' lang='lat' dir='ltr'><strong>legis,</strong></span> <span class='ocrx_word' id='word_1_76' title='bbox 1369 1377 1428 1448; x_wconf 90' lang='lat' dir='ltr'><strong>iste</strong></span> <span class='ocrx_word' id='word_1_77' title='bbox 1448 1389 1496 1447; x_wconf 90' lang='lat' dir='ltr'><strong>est</strong></span> <span class='ocrx_word' id='word_1_78' title='bbox 1512 1376 1689 1476; x_wconf 89' lang='lat' dir='ltr'><strong>discipulus</strong></span> <span class='ocrx_word' id='word_1_79' title='bbox 1706 1377 1811 1450; x_wconf 78' lang='lat' dir='ltr'><strong>Deitn</strong></span> 
     </span>
     <span class='ocr_line' id='line_1_8' title="bbox 240 1475 1812 1597; baseline 0.001 -31"><span class='ocrx_word' id='word_1_80' title='bbox 240 1495 278 1566; x_wconf 84' lang='lat' dir='ltr'><strong>Et</strong></span> <span class='ocrx_word' id='word_1_81' title='bbox 294 1475 400 1567; x_wconf 80' lang='lat' dir='ltr'><strong>tumen</strong></span> <span class='ocrx_word' id='word_1_82' title='bbox 421 1496 527 1569; x_wconf 84' lang='lat' dir='ltr'><strong>Elium</strong></span> <span class='ocrx_word' id='word_1_83' title='bbox 553 1523 619 1568; x_wconf 92' lang='lat' dir='ltr'><strong>non</strong></span> <span class='ocrx_word' id='word_1_84' title='bbox 641 1495 773 1594; x_wconf 88' lang='lat' dir='ltr'><strong>reliquit</strong></span> <span class='ocrx_word' id='word_1_85' title='bbox 792 1496 918 1567; x_wconf 86' lang='lat' dir='ltr'><strong>Eliseus</strong></span> <span class='ocrx_word' id='word_1_86' title='bbox 934 1495 991 1568; x_wconf 83' lang='lat' dir='ltr'><strong>etsi</strong></span> <span class='ocrx_word' id='word_1_87' title='bbox 1012 1496 1193 1596; x_wconf 85' lang='lat' dir='ltr'><strong>opprobriis</strong></span> <span class='ocrx_word' id='word_1_88' title='bbox 1212 1510 1385 1595; x_wconf 90' lang='lat' dir='ltr'><strong>peteretur.</strong></span> <span class='ocrx_word' id='word_1_89' title='bbox 1406 1497 1611 1597; x_wconf 81' lang='lat' dir='ltr'><strong>Quapropter</strong></span> <span class='ocrx_word' id='word_1_90' title='bbox 1628 1499 1747 1594; x_wconf 84' lang='lat' dir='ltr'><strong>dignus</strong></span> <span class='ocrx_word' id='word_1_91' title='bbox 1765 1514 1812 1570; x_wconf 89' lang='lat' dir='ltr'><strong>est</strong></span> 
     </span>
     <span class='ocr_line' id='line_1_9' title="bbox 239 1614 1812 1718; baseline 0.001 -32"><span class='ocrx_word' id='word_1_92' title='bbox 239 1615 369 1689; x_wconf 88' lang='lat' dir='ltr'><strong>habitus</strong></span> <span class='ocrx_word' id='word_1_93' title='bbox 387 1618 443 1716; x_wconf 93' lang='lat' dir='ltr'><strong>qui</strong></span> <span class='ocrx_word' id='word_1_94' title='bbox 462 1617 570 1690; x_wconf 89' lang='lat' dir='ltr'><strong>divina</strong></span> <span class='ocrx_word' id='word_1_95' title='bbox 586 1628 838 1717; x_wconf 75' lang='lat' dir='ltr'><strong>consequeretur</strong></span> <span class='ocrx_word' id='word_1_96' title='bbox 853 1614 950 1688; x_wconf 88' lang='lat' dir='ltr'><strong>dona.</strong></span> <span class='ocrx_word' id='word_1_97' title='bbox 971 1617 1101 1690; x_wconf 88' lang='lat' dir='ltr'><strong>Utinam</strong></span> <span class='ocrx_word' id='word_1_98' title='bbox 1121 1630 1152 1688; x_wconf 92' lang='lat' dir='ltr'><strong>et</strong></span> <span class='ocrx_word' id='word_1_99' title='bbox 1169 1644 1228 1688; x_wconf 91' lang='lat' dir='ltr'><strong>nos</strong></span> <span class='ocrx_word' id='word_1_100' title='bbox 1243 1645 1425 1690; x_wconf 89' lang='lat' dir='ltr'><strong>mereamur</strong></span> <span class='ocrx_word' id='word_1_101' title='bbox 1443 1632 1567 1717; x_wconf 84' lang='lat' dir='ltr'><strong>partem</strong></span> <span class='ocrx_word' id='word_1_102' title='bbox 1585 1619 1745 1718; x_wconf 87' lang='lat' dir='ltr'><strong>accipere,</strong></span> <span class='ocrx_word' id='word_1_103' title='bbox 1765 1620 1812 1688; x_wconf 90' lang='lat' dir='ltr'><strong>uti</strong></span> 
     </span>
     <span class='ocr_line' id='line_1_10' title="bbox 240 1735 1811 1840; baseline 0.002 -33"><span class='ocrx_word' id='word_1_104' title='bbox 240 1735 389 1836; x_wconf 92' lang='lat' dir='ltr'><strong>discipuli</strong></span> <span class='ocrx_word' id='word_1_105' title='bbox 416 1740 561 1836; x_wconf 79' lang='lat' dir='ltr'><strong>magistri</strong></span> <span class='ocrx_word' id='word_1_106' title='bbox 587 1740 704 1825; x_wconf 84' lang='lat' dir='ltr'><strong>nostri,</strong></span> <span class='ocrx_word' id='word_1_107' title='bbox 728 1738 939 1839; x_wconf 86' lang='lat' dir='ltr'><strong>praedicantes</strong></span> <span class='ocrx_word' id='word_1_108' title='bbox 959 1739 1169 1836; x_wconf 77' lang='lat' dir='ltr'><strong>Evangelium</strong></span> <span class='ocrx_word' id='word_1_109' title='bbox 1192 1740 1323 1812; x_wconf 89' lang='lat' dir='ltr'><strong>Domini</strong></span> <span class='ocrx_word' id='word_1_110' title='bbox 1346 1752 1377 1811; x_wconf 92' lang='lat' dir='ltr'><strong>et</strong></span> <span class='ocrx_word' id='word_1_111' title='bbox 1399 1741 1646 1840; x_wconf 84' lang='lat' dir='ltr'><strong>interpretantes</strong></span> <span class='ocrx_word' id='word_1_112' title='bbox 1665 1739 1811 1812; x_wconf 90' lang='lat' dir='ltr'><strong>doctrina</strong></span> 
     </span>
     <span class='ocr_line' id='line_1_11' title="bbox 242 1858 1810 1961; baseline 0.001 -31"><span class='ocrx_word' id='word_1_113' title='bbox 242 1858 371 1932; x_wconf 78' lang='lat' dir='ltr'><strong>refertus</strong></span> <span class='ocrx_word' id='word_1_114' title='bbox 385 1862 453 1958; x_wconf 89' lang='lat' dir='ltr'><strong>ejus</strong></span> <span class='ocrx_word' id='word_1_115' title='bbox 469 1860 637 1961; x_wconf 80' lang='lat' dir='ltr'><strong>epistolas!</strong></span> <span class='ocrx_word' id='word_1_116' title='bbox 652 1861 745 1934; x_wconf 90' lang='lat' dir='ltr'><strong>Unde</strong></span> <span class='ocrx_word' id='word_1_117' title='bbox 764 1875 796 1932; x_wconf 87' lang='lat' dir='ltr'><strong>et</strong></span> <span class='ocrx_word' id='word_1_118' title='bbox 808 1889 866 1933; x_wconf 91' lang='lat' dir='ltr'><strong>nos</strong></span> <span class='ocrx_word' id='word_1_119' title='bbox 885 1861 1080 1961; x_wconf 86' lang='lat' dir='ltr'><strong>accipiemus</strong></span> <span class='ocrx_word' id='word_1_120' title='bbox 1098 1889 1251 1934; x_wconf 91' lang='lat' dir='ltr'><strong>coronam</strong></span> <span class='ocrx_word' id='word_1_121' title='bbox 1271 1861 1377 1934; x_wconf 81' lang='lat' dir='ltr'><strong>alesu</strong></span> <span class='ocrx_word' id='word_1_122' title='bbox 1391 1862 1518 1934; x_wconf 90' lang='lat' dir='ltr'><strong>Christo</strong></span> <span class='ocrx_word' id='word_1_123' title='bbox 1532 1861 1671 1935; x_wconf 93' lang='lat' dir='ltr'><strong>Domino</strong></span> <span class='ocrx_word' id='word_1_124' title='bbox 1685 1875 1810 1944; x_wconf 91' lang='lat' dir='ltr'><strong>nostro,</strong></span> 
     </span>
     <span class='ocr_line' id='line_1_12' title="bbox 197 1971 1335 2082; baseline 0.003 -32"><span class='ocrx_word' id='word_1_125' title='bbox 197 1971 200 1976; x_wconf 63' lang='grc'><strong>’</strong></span> <span class='ocrx_word' id='word_1_126' title='bbox 241 1981 290 2052; x_wconf 91' lang='lat' dir='ltr'><strong>rui</strong></span> <span class='ocrx_word' id='word_1_127' title='bbox 307 1981 426 2078; x_wconf 83' lang='lat' dir='ltr'><strong>gloria,</strong></span> <span class='ocrx_word' id='word_1_128' title='bbox 444 1996 586 2082; x_wconf 89' lang='lat' dir='ltr'><strong>potestas</strong></span> <span class='ocrx_word' id='word_1_129' title='bbox 604 1996 635 2055; x_wconf 89' lang='lat' dir='ltr'><strong>et</strong></span> <span class='ocrx_word' id='word_1_130' title='bbox 652 1983 767 2066; x_wconf 87' lang='lat' dir='ltr'><strong>bonor,</strong></span> <span class='ocrx_word' id='word_1_131' title='bbox 788 2010 891 2068; x_wconf 92' lang='lat' dir='ltr'><strong>nunc,</strong></span> <span class='ocrx_word' id='word_1_132' title='bbox 910 2009 1036 2082; x_wconf 84' lang='lat' dir='ltr'><strong>semper</strong></span> <span class='ocrx_word' id='word_1_133' title='bbox 1052 1997 1082 2054; x_wconf 89' lang='lat' dir='ltr'><strong>et</strong></span> <span class='ocrx_word' id='word_1_134' title='bbox 1100 1983 1133 2054; x_wconf 93' lang='lat' dir='ltr'><strong>in</strong></span> <span class='ocrx_word' id='word_1_135' title='bbox 1148 1988 1335 2056; x_wconf 69' lang='lat' dir='ltr'><strong>eternumt</strong></span> 
     </span>
    </p>
   </div>
   <div class='ocr_carea' id='block_1_3' title="bbox 1019 2515 1037 2602">
    <p class='ocr_par' dir='ltr' id='par_1_3' title="bbox 1019 2515 1037 2602">
     <span class='ocr_line' id='line_1_13' title="bbox 1019 2515 1037 2602; baseline 0 0"><span class='ocrx_word' id='word_1_136' title='bbox 1019 2515 1037 2602; x_wconf 97' lang='lat' dir='ltr'><strong>l</strong></span> 
     </span>
    </p>
   </div>
   <div class='ocr_carea' id='block_1_4' title="bbox 598 2755 1452 2866">
    <p class='ocr_par' dir='ltr' id='par_1_4' title="bbox 598 2755 1452 2866">
     <span class='ocr_line' id='line_1_14' title="bbox 598 2755 1452 2866; baseline -0.002 -20"><span class='ocrx_word' id='word_1_137' title='bbox 598 2774 820 2847; x_wconf 75' lang='lat' dir='ltr'><strong>SANCTUS</strong></span> <span class='ocrx_word' id='word_1_138' title='bbox 856 2775 1083 2847; x_wconf 83' lang='lat' dir='ltr'><strong>CLEMENS</strong></span> <span class='ocrx_word' id='word_1_139' title='bbox 1116 2773 1354 2846; x_wconf 77' lang='lat' dir='ltr'>ROMANUS</span> <span class='ocrx_word' id='word_1_140' title='bbox 1384 2755 1452 2866; x_wconf 85' lang='grc'><strong>(1)</strong></span> 
     </span>
    </p>
   </div>
   <div class='ocr_carea' id='block_1_5' title="bbox 236 2994 1810 3220">
    <p class='ocr_par' dir='ltr' id='par_1_5' title="bbox 236 2994 1810 3220">
     <span class='ocr_line' id='line_1_15' title="bbox 290 2994 1810 3100; baseline 0.001 -31"><span class='ocrx_word' id='word_1_141' title='bbox 290 2999 313 3069; x_wconf 92' lang='grc' dir='ltr'><strong>Ι.</strong></span> <span class='ocrx_word' id='word_1_142' title='bbox 342 2997 444 3068; x_wconf 83' lang='lat' dir='ltr'><strong>Sancti</strong></span> <span class='ocrx_word' id='word_1_143' title='bbox 462 2994 630 3080; x_wconf 77' lang='lat' dir='ltr'><strong>Clementia,</strong></span> <span class='ocrx_word' id='word_1_144' title='bbox 650 2998 857 3098; x_wconf 75' lang='lat' dir='ltr'><strong>archiepiscopi</strong></span> <span class='ocrx_word' id='word_1_145' title='bbox 867 2996 994 3072; x_wconf 76' lang='lat' dir='ltr'><strong>Rusoni</strong></span> <span class='ocrx_word' id='word_1_146' title='bbox 1005 3014 1032 3070; x_wconf 89' lang='lat' dir='ltr'><strong>et</strong></span> <span class='ocrx_word' id='word_1_147' title='bbox 1046 2999 1202 3096; x_wconf 60' lang='lat' dir='ltr'><strong>matyris,</strong></span> <span class='ocrx_word' id='word_1_148' title='bbox 1221 2997 1328 3099; x_wconf 80' lang='lat' dir='ltr'><strong>dequo</strong></span> <span class='ocrx_word' id='word_1_149' title='bbox 1342 2998 1496 3098; x_wconf 74' lang='lat' dir='ltr'><strong>Apostolos</strong></span> <span class='ocrx_word' id='word_1_150' title='bbox 1512 2999 1553 3070; x_wconf 87' lang='lat' dir='ltr'><strong>itu</strong></span> <span class='ocrx_word' id='word_1_151' title='bbox 1570 2999 1670 3070; x_wconf 80' lang='lat' dir='ltr'><strong>scribit</strong></span> <span class='ocrx_word' id='word_1_152' title='bbox 1690 3000 1720 3070; x_wconf 84' lang='lat' dir='ltr'><strong>iu</strong></span> <span class='ocrx_word' id='word_1_153' title='bbox 1737 2999 1810 3100; x_wconf 84' lang='lat' dir='ltr'><strong>Epi-</strong></span> 
     </span>
     <span class='ocr_line' id='line_1_16' title="bbox 236 3116 671 3220; baseline 0.009 -34"><span class='ocrx_word' id='word_1_154' title='bbox 236 3119 311 3189; x_wconf 80' lang='lat' dir='ltr'><strong>stolo</strong></span> <span class='ocrx_word' id='word_1_155' title='bbox 329 3117 369 3188; x_wconf 88' lang='lat' dir='ltr'><strong>cd</strong></span> <span class='ocrx_word' id='word_1_156' title='bbox 385 3116 620 3220; x_wconf 59' lang='lat' dir='ltr'><strong>Ptitippenuet.</strong></span> <span class='ocrx_word' id='word_1_157' title='bbox 639 3177 645 3190; x_wconf 95' lang='lat'><strong>.</strong></span> <span class='ocrx_word' id='word_1_158' title='bbox 664 3177 671 3190; x_wconf 98' lang='lat'><strong>.</strong></span> 
     </span>
    </p>
   </div>
   <div class='ocr_carea' id='block_1_6' title="bbox 237 3240 1812 4304">
    <p class='ocr_par' dir='ltr' id='par_1_6' title="bbox 237 3240 1812 4304">
     <span class='ocr_line' id='line_1_17' title="bbox 290 3240 1809 3342; baseline 0.001 -31"><span class='ocrx_word' id='word_1_159' title='bbox 290 3240 480 3340; x_wconf 84' lang='lat' dir='ltr'><strong>Excerptum</strong></span> <span class='ocrx_word' id='word_1_160' title='bbox 501 3240 644 3341; x_wconf 77' lang='lat' dir='ltr'><strong>epistola</strong></span> <span class='ocrx_word' id='word_1_161' title='bbox 664 3242 813 3314; x_wconf 72' lang='lat' dir='ltr'><strong>secundae</strong></span> <span class='ocrx_word' id='word_1_162' title='bbox 833 3241 874 3314; x_wconf 89' lang='lat' dir='ltr'><strong>ad</strong></span> <span class='ocrx_word' id='word_1_163' title='bbox 890 3241 1090 3325; x_wconf 89' lang='lat' dir='ltr'><strong>Corinthios,</strong></span> <span class='ocrx_word' id='word_1_164' title='bbox 1114 3269 1230 3342; x_wconf 82' lang='lat' dir='ltr'><strong>exque</strong></span> <span class='ocrx_word' id='word_1_165' title='bbox 1247 3242 1361 3315; x_wconf 89' lang='lat' dir='ltr'><strong>beatus</strong></span> <span class='ocrx_word' id='word_1_166' title='bbox 1383 3242 1565 3342; x_wconf 87' lang='lat' dir='ltr'><strong>patriarcba</strong></span> <span class='ocrx_word' id='word_1_167' title='bbox 1587 3241 1722 3315; x_wconf 87' lang='lat' dir='ltr'><strong>Severus</strong></span> <span class='ocrx_word' id='word_1_168' title='bbox 1741 3243 1809 3312; x_wconf 89' lang='lat' dir='ltr'><strong>lre-</strong></span> 
     </span>
     <span class='ocr_line' id='line_1_18' title="bbox 238 3360 1808 3463; baseline -0.001 -30"><span class='ocrx_word' id='word_1_169' title='bbox 238 3375 375 3461; x_wconf 88' lang='lat' dir='ltr'><strong>quenter</strong></span> <span class='ocrx_word' id='word_1_170' title='bbox 394 3362 428 3438; x_wconf 91' lang='lat' dir='ltr'><strong>in</strong></span> <span class='ocrx_word' id='word_1_171' title='bbox 446 3361 571 3461; x_wconf 90' lang='lat' dir='ltr'><strong>scriptis</strong></span> <span class='ocrx_word' id='word_1_172' title='bbox 588 3361 654 3434; x_wconf 90' lang='lat' dir='ltr'><strong>suis</strong></span> <span class='ocrx_word' id='word_1_173' title='bbox 673 3363 854 3435; x_wconf 89' lang='lat' dir='ltr'><strong>testimonia</strong></span> <span class='ocrx_word' id='word_1_174' title='bbox 877 3360 1024 3446; x_wconf 81' lang='lat' dir='ltr'><strong>adducit,</strong></span> <span class='ocrx_word' id='word_1_175' title='bbox 1040 3364 1198 3463; x_wconf 89' lang='lat' dir='ltr'><strong>cujusque</strong></span> <span class='ocrx_word' id='word_1_176' title='bbox 1218 3362 1346 3451; x_wconf 90' lang='lat' dir='ltr'><strong>initium</strong></span> <span class='ocrx_word' id='word_1_177' title='bbox 1366 3367 1459 3434; x_wconf 84' lang='lat' dir='ltr'><strong>est³:</strong></span> <span class='ocrx_word' id='word_1_178' title='bbox 1481 3361 1646 3446; x_wconf 62' lang='lat' dir='ltr'><strong>«Fratres,</strong></span> <span class='ocrx_word' id='word_1_179' title='bbox 1671 3364 1714 3432; x_wconf 89' lang='lat' dir='ltr'><strong>ita</strong></span> <span class='ocrx_word' id='word_1_180' title='bbox 1731 3387 1808 3432; x_wconf 91' lang='lat' dir='ltr'><strong>sen-</strong></span> 
     </span>
     <span class='ocr_line' id='line_1_19' title="bbox 238 3481 1809 3583; baseline 0.003 -33"><span class='ocrx_word' id='word_1_181' title='bbox 238 3484 380 3556; x_wconf 73' lang='lat' dir='ltr'><strong>etiamus</strong></span> <span class='ocrx_word' id='word_1_182' title='bbox 402 3496 528 3583; x_wconf 90' lang='lat' dir='ltr'><strong>oportet</strong></span> <span class='ocrx_word' id='word_1_183' title='bbox 549 3481 590 3554; x_wconf 91' lang='lat' dir='ltr'><strong>de</strong></span> <span class='ocrx_word' id='word_1_184' title='bbox 612 3481 688 3554; x_wconf 88' lang='lat' dir='ltr'><strong>Jesu</strong></span> <span class='ocrx_word' id='word_1_185' title='bbox 713 3481 857 3565; x_wconf 91' lang='lat' dir='ltr'><strong>Christo,</strong></span> <span class='ocrx_word' id='word_1_186' title='bbox 882 3495 1036 3580; x_wconf 86' lang='lat' dir='ltr'><strong>tanquam</strong></span> <span class='ocrx_word' id='word_1_187' title='bbox 1059 3481 1099 3554; x_wconf 88' lang='lat' dir='ltr'><strong>de</strong></span> <span class='ocrx_word' id='word_1_188' title='bbox 1120 3483 1206 3566; x_wconf 91' lang='lat' dir='ltr'><strong>Deo,</strong></span> <span class='ocrx_word' id='word_1_189' title='bbox 1226 3495 1383 3582; x_wconf 84' lang='lat' dir='ltr'><strong>tauquam</strong></span> <span class='ocrx_word' id='word_1_190' title='bbox 1408 3483 1449 3555; x_wconf 90' lang='lat' dir='ltr'><strong>de</strong></span> <span class='ocrx_word' id='word_1_191' title='bbox 1471 3483 1585 3555; x_wconf 86' lang='lat' dir='ltr'><strong>lodice</strong></span> <span class='ocrx_word' id='word_1_192' title='bbox 1609 3483 1751 3555; x_wconf 89' lang='lat' dir='ltr'><strong>vivorum</strong></span> <span class='ocrx_word' id='word_1_193' title='bbox 1776 3497 1809 3554; x_wconf 89' lang='lat' dir='ltr'><strong>et</strong></span> 
     </span>
     <span class='ocr_line' id='line_1_20' title="bbox 237 3600 1810 3704; baseline 0.001 -32"><span class='ocrx_word' id='word_1_194' title='bbox 237 3619 507 3679; x_wconf 70' lang='lat' dir='ltr'><strong>emortuorum».</strong></span> <span class='ocrx_word' id='word_1_195' title='bbox 526 3661 534 3676; x_wconf 93' lang='lat'><strong>.</strong></span> <span class='ocrx_word' id='word_1_196' title='bbox 552 3660 560 3676; x_wconf 97' lang='lat'><strong>.</strong></span> <span class='ocrx_word' id='word_1_197' title='bbox 584 3604 684 3676; x_wconf 91' lang='lat' dir='ltr'><strong>Nemo</strong></span> <span class='ocrx_word' id='word_1_198' title='bbox 694 3613 834 3674; x_wconf 84' lang='lat' dir='ltr'><strong>vestrum</strong></span> <span class='ocrx_word' id='word_1_199' title='bbox 846 3601 932 3672; x_wconf 87' lang='lat' dir='ltr'><strong>dicat</strong></span> <span class='ocrx_word' id='word_1_200' title='bbox 947 3600 1031 3672; x_wconf 91' lang='lat' dir='ltr'><strong>banc</strong></span> <span class='ocrx_word' id='word_1_201' title='bbox 1046 3627 1177 3672; x_wconf 89' lang='lat' dir='ltr'><strong>carnem</strong></span> <span class='ocrx_word' id='word_1_202' title='bbox 1190 3629 1297 3701; x_wconf 90' lang='lat' dir='ltr'><strong>neque</strong></span> <span class='ocrx_word' id='word_1_203' title='bbox 1307 3603 1489 3700; x_wconf 86' lang='lat' dir='ltr'><strong>judicatum</strong></span> <span class='ocrx_word' id='word_1_204' title='bbox 1504 3605 1560 3688; x_wconf 89' lang='lat' dir='ltr'><strong>iri,</strong></span> <span class='ocrx_word' id='word_1_205' title='bbox 1577 3631 1684 3704; x_wconf 89' lang='lat' dir='ltr'><strong>neque</strong></span> <span class='ocrx_word' id='word_1_206' title='bbox 1701 3629 1810 3677; x_wconf 89' lang='lat' dir='ltr'><strong>resur-</strong></span> 
     </span>
     <span class='ocr_line' id='line_1_21' title="bbox 237 3719 1808 3822; baseline -0.003 -23"><span class='ocrx_word' id='word_1_207' title='bbox 237 3741 397 3798; x_wconf 88' lang='lat' dir='ltr'><strong>recturam</strong></span> <span class='ocrx_word' id='word_1_208' title='bbox 415 3726 495 3798; x_wconf 85' lang='lat' dir='ltr'><strong>lore.</strong></span> <span class='ocrx_word' id='word_1_209' title='bbox 513 3724 578 3796; x_wconf 89' lang='lat' dir='ltr'><strong>Sed</strong></span> <span class='ocrx_word' id='word_1_210' title='bbox 595 3723 729 3795; x_wconf 87' lang='lat' dir='ltr'><strong>scientes</strong></span> <span class='ocrx_word' id='word_1_211' title='bbox 743 3747 803 3821; x_wconf 90' lang='lat' dir='ltr'><strong>per</strong></span> <span class='ocrx_word' id='word_1_212' title='bbox 817 3746 914 3820; x_wconf 90' lang='lat' dir='ltr'><strong>quem</strong></span> <span class='ocrx_word' id='word_1_213' title='bbox 927 3719 1055 3791; x_wconf 86' lang='lat' dir='ltr'><strong>liberati</strong></span> <span class='ocrx_word' id='word_1_214' title='bbox 1071 3719 1144 3791; x_wconf 89' lang='lat' dir='ltr'><strong>estis</strong></span> <span class='ocrx_word' id='word_1_215' title='bbox 1160 3736 1192 3793; x_wconf 90' lang='lat' dir='ltr'><strong>et</strong></span> <span class='ocrx_word' id='word_1_216' title='bbox 1204 3748 1262 3821; x_wconf 90' lang='lat' dir='ltr'><strong>per</strong></span> <span class='ocrx_word' id='word_1_217' title='bbox 1277 3748 1375 3821; x_wconf 92' lang='lat' dir='ltr'><strong>quem</strong></span> <span class='ocrx_word' id='word_1_218' title='bbox 1387 3723 1505 3795; x_wconf 73' lang='lat' dir='ltr'><strong>vitamt</strong></span> <span class='ocrx_word' id='word_1_219' title='bbox 1516 3725 1723 3822; x_wconf 85' lang='lat' dir='ltr'><strong>acquisiistis,</strong></span> <span class='ocrx_word' id='word_1_220' title='bbox 1735 3749 1808 3797; x_wconf 90' lang='lat' dir='ltr'><strong>cum</strong></span> 
     </span>
     <span class='ocr_line' id='line_1_22' title="bbox 237 3839 1809 3942; baseline 0 -26"><span class='ocrx_word' id='word_1_221' title='bbox 237 3847 272 3918; x_wconf 92' lang='lat' dir='ltr'><strong>in</strong></span> <span class='ocrx_word' id='word_1_222' title='bbox 285 3848 345 3918; x_wconf 89' lang='lat' dir='ltr'><strong>bac</strong></span> <span class='ocrx_word' id='word_1_223' title='bbox 361 3871 456 3918; x_wconf 87' lang='lat' dir='ltr'><strong>carne</strong></span> <span class='ocrx_word' id='word_1_224' title='bbox 469 3871 535 3916; x_wconf 91' lang='lat' dir='ltr'><strong>uon</strong></span> <span class='ocrx_word' id='word_1_225' title='bbox 551 3842 677 3926; x_wconf 83' lang='lat' dir='ltr'><strong>essetis,</strong></span> <span class='ocrx_word' id='word_1_226' title='bbox 687 3855 814 3941; x_wconf 90' lang='lat' dir='ltr'><strong>oportet</strong></span> <span class='ocrx_word' id='word_1_227' title='bbox 827 3854 864 3912; x_wconf 91' lang='lat' dir='ltr'><strong>ut</strong></span> <span class='ocrx_word' id='word_1_228' title='bbox 874 3867 1002 3913; x_wconf 89' lang='lat' dir='ltr'><strong>carnem</strong></span> <span class='ocrx_word' id='word_1_229' title='bbox 1018 3839 1204 3913; x_wconf 87' lang='lat' dir='ltr'><strong>custodiatis</strong></span> <span class='ocrx_word' id='word_1_230' title='bbox 1217 3855 1253 3912; x_wconf 91' lang='lat' dir='ltr'><strong>ut</strong></span> <span class='ocrx_word' id='word_1_231' title='bbox 1268 3841 1426 3942; x_wconf 90' lang='lat' dir='ltr'><strong>templum</strong></span> <span class='ocrx_word' id='word_1_232' title='bbox 1440 3843 1510 3916; x_wconf 89' lang='lat' dir='ltr'><strong>Dei.</strong></span> <span class='ocrx_word' id='word_1_233' title='bbox 1525 3843 1809 3926; x_wconf 83' lang='lat' dir='ltr'><strong>Quemadmodum</strong></span> 
     </span>
     <span class='ocr_line' id='line_1_23' title="bbox 238 3960 1809 4064; baseline -0.002 -25"><span class='ocrx_word' id='word_1_234' title='bbox 238 3973 324 4039; x_wconf 90' lang='lat' dir='ltr'><strong>onim</strong></span> <span class='ocrx_word' id='word_1_235' title='bbox 352 3965 454 4037; x_wconf 88' lang='lat' dir='ltr'><strong>vocati</strong></span> <span class='ocrx_word' id='word_1_236' title='bbox 478 3963 567 4048; x_wconf 90' lang='lat' dir='ltr'><strong>estis,</strong></span> <span class='ocrx_word' id='word_1_237' title='bbox 593 3989 667 4035; x_wconf 92' lang='lat' dir='ltr'><strong>cum</strong></span> <span class='ocrx_word' id='word_1_238' title='bbox 687 3963 796 4035; x_wconf 87' lang='lat' dir='ltr'><strong>essetis</strong></span> <span class='ocrx_word' id='word_1_239' title='bbox 816 3963 850 4035; x_wconf 93' lang='lat' dir='ltr'><strong>in</strong></span> <span class='ocrx_word' id='word_1_240' title='bbox 871 3961 932 4034; x_wconf 88' lang='lat' dir='ltr'><strong>bac</strong></span> <span class='ocrx_word' id='word_1_241' title='bbox 953 3989 1065 4046; x_wconf 89' lang='lat' dir='ltr'><strong>carne,</strong></span> <span class='ocrx_word' id='word_1_242' title='bbox 1089 3963 1155 4036; x_wconf 85' lang='lat' dir='ltr'><strong>ita⁵</strong></span> <span class='ocrx_word' id='word_1_243' title='bbox 1172 3960 1231 4064; x_wconf 73' lang='lat'><strong>(2)</strong></span> <span class='ocrx_word' id='word_1_244' title='bbox 1247 3975 1279 4035; x_wconf 90' lang='lat' dir='ltr'><strong>et</strong></span> <span class='ocrx_word' id='word_1_245' title='bbox 1301 3963 1334 4034; x_wconf 91' lang='lat' dir='ltr'><strong>in</strong></span> <span class='ocrx_word' id='word_1_246' title='bbox 1355 3962 1416 4035; x_wconf 89' lang='lat' dir='ltr'><strong>bac</strong></span> <span class='ocrx_word' id='word_1_247' title='bbox 1432 3969 1550 4034; x_wconf 82' lang='lat' dir='ltr'><strong>carne⁶</strong></span> <span class='ocrx_word' id='word_1_248' title='bbox 1569 3967 1753 4062; x_wconf 77' lang='lat' dir='ltr'><strong>resurgetis.</strong></span> <span class='ocrx_word' id='word_1_249' title='bbox 1774 3964 1809 4037; x_wconf 90' lang='lat' dir='ltr'><strong>Si</strong></span> 
     </span>
     <span class='ocr_line' id='line_1_24' title="bbox 239 4083 1812 4184; baseline 0.001 -28"><span class='ocrx_word' id='word_1_250' title='bbox 239 4085 324 4156; x_wconf 90' lang='lat' dir='ltr'><strong>enim</strong></span> <span class='ocrx_word' id='word_1_251' title='bbox 340 4084 506 4156; x_wconf 84' lang='lat' dir='ltr'><strong>Christns⁷</strong></span> <span class='ocrx_word' id='word_1_252' title='bbox 517 4084 676 4156; x_wconf 89' lang='lat' dir='ltr'><strong>Dominus</strong></span> <span class='ocrx_word' id='word_1_253' title='bbox 694 4097 813 4168; x_wconf 88' lang='lat' dir='ltr'><strong>noster,</strong></span> <span class='ocrx_word' id='word_1_254' title='bbox 831 4085 888 4183; x_wconf 89' lang='lat' dir='ltr'><strong>qui</strong></span> <span class='ocrx_word' id='word_1_255' title='bbox 905 4084 1052 4156; x_wconf 84' lang='lat' dir='ltr'><strong>liberavit</strong></span> <span class='ocrx_word' id='word_1_256' title='bbox 1067 4109 1141 4168; x_wconf 92' lang='lat' dir='ltr'><strong>nos,</strong></span> <span class='ocrx_word' id='word_1_257' title='bbox 1154 4111 1226 4155; x_wconf 91' lang='lat' dir='ltr'><strong>cum</strong></span> <span class='ocrx_word' id='word_1_258' title='bbox 1242 4097 1337 4156; x_wconf 87' lang='lat' dir='ltr'><strong>antea</strong></span> <span class='ocrx_word' id='word_1_259' title='bbox 1354 4096 1436 4156; x_wconf 88' lang='lat' dir='ltr'><strong>esset</strong></span> <span class='ocrx_word' id='word_1_260' title='bbox 1455 4083 1600 4184; x_wconf 88' lang='lat' dir='ltr'><strong>spiritus,</strong></span> <span class='ocrx_word' id='word_1_261' title='bbox 1616 4109 1690 4155; x_wconf 89' lang='lat' dir='ltr'><strong>caro</strong></span> <span class='ocrx_word' id='word_1_262' title='bbox 1706 4085 1812 4156; x_wconf 86' lang='lat' dir='ltr'><strong>luctus</strong></span> 
     </span>
     <span class='ocr_line' id='line_1_25' title="bbox 239 4204 1694 4304; baseline -0.003 -24"><span class='ocrx_word' id='word_1_263' title='bbox 239 4221 286 4281; x_wconf 91' lang='lat' dir='ltr'><strong>est</strong></span> <span class='ocrx_word' id='word_1_264' title='bbox 303 4221 336 4280; x_wconf 90' lang='lat' dir='ltr'><strong>et</strong></span> <span class='ocrx_word' id='word_1_265' title='bbox 353 4206 472 4278; x_wconf 90' lang='lat' dir='ltr'><strong>deinde</strong></span> <span class='ocrx_word' id='word_1_266' title='bbox 488 4207 613 4280; x_wconf 84' lang='lat' dir='ltr'><strong>vocavit</strong></span> <span class='ocrx_word' id='word_1_267' title='bbox 625 4212 714 4290; x_wconf 83' lang='lat' dir='ltr'><strong>vos⁸,</strong></span> <span class='ocrx_word' id='word_1_268' title='bbox 731 4207 775 4280; x_wconf 92' lang='lat' dir='ltr'><strong>ita</strong></span> <span class='ocrx_word' id='word_1_269' title='bbox 793 4222 826 4279; x_wconf 91' lang='lat' dir='ltr'><strong>et</strong></span> <span class='ocrx_word' id='word_1_270' title='bbox 840 4233 900 4279; x_wconf 86' lang='lat' dir='ltr'><strong>nos</strong></span> <span class='ocrx_word' id='word_1_271' title='bbox 918 4208 953 4278; x_wconf 91' lang='lat' dir='ltr'><strong>in</strong></span> <span class='ocrx_word' id='word_1_272' title='bbox 971 4207 1031 4279; x_wconf 87' lang='lat' dir='ltr'><strong>buc</strong></span> <span class='ocrx_word' id='word_1_273' title='bbox 1048 4205 1161 4279; x_wconf 86' lang='lat' dir='ltr'><strong>eudem</strong></span> <span class='ocrx_word' id='word_1_274' title='bbox 1176 4233 1271 4278; x_wconf 89' lang='lat' dir='ltr'><strong>carne</strong></span> <span class='ocrx_word' id='word_1_275' title='bbox 1292 4204 1472 4278; x_wconf 86' lang='lat' dir='ltr'><strong>mercedem</strong></span> <span class='ocrx_word' id='word_1_276' title='bbox 1491 4204 1694 4304; x_wconf 87' lang='lat' dir='ltr'><strong>recipiemus.</strong></span> 
     </span>
    </p>
   </div>
   <div class='ocr_carea' id='block_1_7' title="bbox 239 4383 1814 4729">
    <p class='ocr_par' dir='ltr' id='par_1_7' title="bbox 239 4383 1814 4729">
     <span class='ocr_line' id='line_1_26' title="bbox 290 4383 1814 4485; baseline -0.003 -27"><span class='ocrx_word' id='word_1_277' title='bbox 290 4387 331 4458; x_wconf 96' lang='lat' dir='ltr'><strong>ll.</strong></span> <span class='ocrx_word' id='word_1_278' title='bbox 360 4386 575 4458; x_wconf 86' lang='lat' dir='ltr'><strong>Christianam</strong></span> <span class='ocrx_word' id='word_1_279' title='bbox 593 4386 691 4458; x_wconf 89' lang='lat' dir='ltr'><strong>fidem</strong></span> <span class='ocrx_word' id='word_1_280' title='bbox 707 4386 820 4458; x_wconf 83' lang='lat' dir='ltr'><strong>definit</strong></span> <span class='ocrx_word' id='word_1_281' title='bbox 832 4399 863 4459; x_wconf 91' lang='lat' dir='ltr'><strong>et</strong></span> <span class='ocrx_word' id='word_1_282' title='bbox 882 4386 1060 4458; x_wconf 88' lang='lat' dir='ltr'><strong>consolidat</strong></span> <span class='ocrx_word' id='word_1_283' title='bbox 1075 4386 1175 4470; x_wconf 84' lang='lat' dir='ltr'><strong>Crux,</strong></span> <span class='ocrx_word' id='word_1_284' title='bbox 1194 4412 1267 4457; x_wconf 92' lang='lat' dir='ltr'><strong>cum</strong></span> <span class='ocrx_word' id='word_1_285' title='bbox 1282 4384 1379 4457; x_wconf 88' lang='lat' dir='ltr'><strong>laude</strong></span> <span class='ocrx_word' id='word_1_286' title='bbox 1395 4411 1492 4485; x_wconf 85' lang='lat' dir='ltr'><strong>quam</strong></span> <span class='ocrx_word' id='word_1_287' title='bbox 1510 4398 1667 4485; x_wconf 86' lang='lat' dir='ltr'><strong>perpetuo</strong></span> <span class='ocrx_word' id='word_1_288' title='bbox 1686 4383 1720 4456; x_wconf 93' lang='lat' dir='ltr'><strong>in</strong></span> <span class='ocrx_word' id='word_1_289' title='bbox 1735 4410 1814 4455; x_wconf 90' lang='lat' dir='ltr'><strong>ora-.</strong></span> 
     </span>
     <span class='ocr_line' id='line_1_27' title="bbox 239 4503 1811 4590; baseline -0.004 -10"><span class='ocrx_word' id='word_1_290' title='bbox 239 4508 381 4580; x_wconf 91' lang='lat' dir='ltr'><strong>tionibus</strong></span> <span class='ocrx_word' id='word_1_291' title='bbox 401 4507 518 4579; x_wconf 89' lang='lat' dir='ltr'><strong>nostris</strong></span> <span class='ocrx_word' id='word_1_292' title='bbox 534 4507 744 4590; x_wconf 82' lang='lat' dir='ltr'><strong>absolvimus,</strong></span> <span class='ocrx_word' id='word_1_293' title='bbox 759 4507 900 4579; x_wconf 89' lang='lat' dir='ltr'><strong>dicentes</strong></span> <span class='ocrx_word' id='word_1_294' title='bbox 916 4538 923 4578; x_wconf 94' lang='lat'>:</span> <span class='ocrx_word' id='word_1_295' title='bbox 941 4505 1104 4579; x_wconf 77' lang='lat' dir='ltr'><strong>uSauctus</strong></span> <span class='ocrx_word' id='word_1_296' title='bbox 1122 4506 1226 4590; x_wconf 89' lang='lat' dir='ltr'><strong>Deus,</strong></span> <span class='ocrx_word' id='word_1_297' title='bbox 1239 4520 1368 4577; x_wconf 88' lang='lat' dir='ltr'><strong>sanctus</strong></span> <span class='ocrx_word' id='word_1_298' title='bbox 1385 4517 1416 4577; x_wconf 91' lang='lat' dir='ltr'><strong>et</strong></span> <span class='ocrx_word' id='word_1_299' title='bbox 1433 4505 1541 4588; x_wconf 83' lang='lat' dir='ltr'><strong>sortis,</strong></span> <span class='ocrx_word' id='word_1_300' title='bbox 1558 4521 1686 4577; x_wconf 91' lang='lat' dir='ltr'><strong>sanctus</strong></span> <span class='ocrx_word' id='word_1_301' title='bbox 1701 4517 1733 4576; x_wconf 90' lang='lat' dir='ltr'><strong>et</strong></span> <span class='ocrx_word' id='word_1_302' title='bbox 1747 4503 1811 4574; x_wconf 90' lang='lat' dir='ltr'><strong>im-</strong></span> 
     </span>
     <span class='ocr_line' id='line_1_28' title="bbox 241 4625 1307 4729; baseline -0.005 -31"><span class='ocrx_word' id='word_1_303' title='bbox 241 4630 426 4714; x_wconf 74' lang='lat' dir='ltr'><strong>emortulis,</strong></span> <span class='ocrx_word' id='word_1_304' title='bbox 444 4629 500 4728; x_wconf 93' lang='lat' dir='ltr'><strong>qui</strong></span> <span class='ocrx_word' id='word_1_305' title='bbox 515 4627 683 4700; x_wconf 85' lang='lat' dir='ltr'><strong>crucifixus</strong></span> <span class='ocrx_word' id='word_1_306' title='bbox 701 4655 734 4699; x_wconf 89' lang='lat' dir='ltr'><strong>cs</strong></span> <span class='ocrx_word' id='word_1_307' title='bbox 746 4656 806 4729; x_wconf 91' lang='lat' dir='ltr'><strong>pro</strong></span> <span class='ocrx_word' id='word_1_308' title='bbox 826 4628 934 4708; x_wconf 89' lang='lat' dir='ltr'><strong>nobis,</strong></span> <span class='ocrx_word' id='word_1_309' title='bbox 951 4628 1100 4700; x_wconf 89' lang='lat' dir='ltr'><strong>miserere</strong></span> <span class='ocrx_word' id='word_1_310' title='bbox 1114 4625 1307 4728; x_wconf 73' lang='lat' dir='ltr'><strong>(nostri)⁰.o</strong></span> 
     </span>
    </p>
   </div>
   <div class='ocr_carea' id='block_1_8' title="bbox 242 4865 1813 5492">
    <p class='ocr_par' dir='ltr' id='par_1_8' title="bbox 242 4865 1813 5492">
     <span class='ocr_line' id='line_1_29' title="bbox 278 4865 1809 4947; baseline -0.002 -21"><span class='ocrx_word' id='word_1_311' title='bbox 278 4876 286 4905; x_wconf 87' lang='lat'><strong>¹</strong></span> <span class='ocrx_word' id='word_1_312' title='bbox 305 4874 337 4936; x_wconf 79' lang='grc' dir='ltr'><strong>Α,</strong></span> <span class='ocrx_word' id='word_1_313' title='bbox 352 4871 383 4926; x_wconf 83' lang='lat' dir='ltr'><strong>ad</strong></span> <span class='ocrx_word' id='word_1_314' title='bbox 395 4872 484 4928; x_wconf 84' lang='lat' dir='ltr'><strong>calcem</strong></span> <span class='ocrx_word' id='word_1_315' title='bbox 495 4871 616 4946; x_wconf 76' lang='lat' dir='ltr'><strong>epistole,</strong></span> <span class='ocrx_word' id='word_1_316' title='bbox 625 4871 724 4926; x_wconf 82' lang='lat' dir='ltr'><strong>exbibet</strong></span> <span class='ocrx_word' id='word_1_317' title='bbox 734 4878 815 4926; x_wconf 86' lang='lat' dir='ltr'><strong>notem</strong></span> <span class='ocrx_word' id='word_1_318' title='bbox 826 4877 986 4946; x_wconf 87' lang='lat' dir='ltr'><strong>sequentem:</strong></span> <span class='ocrx_word' id='word_1_319' title='bbox 1063 4869 1156 4926; x_wconf 83' lang='lat' dir='ltr'><strong>scribas</strong></span> <span class='ocrx_word' id='word_1_320' title='bbox 1162 4887 1256 4926; x_wconf 84' lang='lat' dir='ltr'><strong>errasse</strong></span> <span class='ocrx_word' id='word_1_321' title='bbox 1262 4877 1336 4943; x_wconf 84' lang='lat' dir='ltr'><strong>atque</strong></span> <span class='ocrx_word' id='word_1_322' title='bbox 1344 4869 1476 4947; x_wconf 78' lang='lat' dir='ltr'><strong>legendum</strong></span> <span class='ocrx_word' id='word_1_323' title='bbox 1485 4865 1809 4946; x_wconf 54' lang='lat' dir='ltr'><strong>esseqokulocoqokb.</strong></span> 
     </span>
     <span class='ocr_line' id='line_1_30' title="bbox 242 4957 1812 5038; baseline -0.005 -20"><span class='ocrx_word' id='word_1_324' title='bbox 242 4963 406 5020; x_wconf 67' lang='lat' dir='ltr'><strong>«emamus</strong></span> <span class='ocrx_word' id='word_1_325' title='bbox 420 4964 509 5038; x_wconf 81' lang='lat' dir='ltr'><strong>(hujus</strong></span> <span class='ocrx_word' id='word_1_326' title='bbox 529 4963 599 5034; x_wconf 86' lang='lat' dir='ltr'><strong>libri)</strong></span> <span class='ocrx_word' id='word_1_327' title='bbox 618 4963 773 5020; x_wconf 84' lang='lat' dir='ltr'><strong>Bamntcbob</strong></span> <span class='ocrx_word' id='word_1_328' title='bbox 791 4965 894 5037; x_wconf 85' lang='lat' dir='ltr'><strong>ejusque</strong></span> <span class='ocrx_word' id='word_1_329' title='bbox 907 4963 988 5037; x_wconf 78' lang='lat' dir='ltr'><strong>uxoris</strong></span> <span class='ocrx_word' id='word_1_330' title='bbox 1063 4963 1157 5017; x_wconf 58' lang='lat' dir='ltr'><strong>mistio</strong></span> <span class='ocrx_word' id='word_1_331' title='bbox 1171 4963 1224 5017; x_wconf 89' lang='lat' dir='ltr'><strong>loco</strong></span> <span class='ocrx_word' id='word_1_332' title='bbox 1237 4961 1342 5025; x_wconf 71' lang='lat' dir='ltr'><strong>vidistis,</strong></span> <span class='ocrx_word' id='word_1_333' title='bbox 1356 4960 1527 5036; x_wconf 82' lang='lat' dir='ltr'><strong>opinabamur.</strong></span> <span class='ocrx_word' id='word_1_334' title='bbox 1543 4961 1573 5013; x_wconf 80' lang='lat' dir='ltr'><strong>tt</strong></span> <span class='ocrx_word' id='word_1_335' title='bbox 1584 4957 1680 5013; x_wconf 80' lang='lat' dir='ltr'><strong>codices</strong></span> <span class='ocrx_word' id='word_1_336' title='bbox 1692 4957 1764 5032; x_wconf 73' lang='lat' dir='ltr'><strong>groeci</strong></span> <span class='ocrx_word' id='word_1_337' title='bbox 1777 4957 1812 5010; x_wconf 88' lang='lat' dir='ltr'><strong>le-</strong></span> 
     </span>
     <span class='ocr_line' id='line_1_31' title="bbox 243 5051 1813 5131; baseline -0.003 -23"><span class='ocrx_word' id='word_1_338' title='bbox 243 5055 427 5130; x_wconf 76' lang='lat' dir='ltr'><strong>udvaqdigbin,</strong></span> <span class='ocrx_word' id='word_1_339' title='bbox 448 5058 564 5131; x_wconf 86' lang='lat' dir='ltr'><strong>illiusque</strong></span> <span class='ocrx_word' id='word_1_340' title='bbox 583 5055 629 5111; x_wconf 74' lang='lat' dir='ltr'><strong>ttii</strong></span> <span class='ocrx_word' id='word_1_341' title='bbox 648 5057 750 5111; x_wconf 84' lang='lat' dir='ltr'><strong>loannis</strong></span> <span class='ocrx_word' id='word_1_342' title='bbox 771 5055 916 5119; x_wconf 82' lang='lat' dir='ltr'><strong>sacerdotis,</strong></span> <span class='ocrx_word' id='word_1_343' title='bbox 934 5075 988 5110; x_wconf 88' lang='lat' dir='ltr'><strong>me-</strong></span> <span class='ocrx_word' id='word_1_344' title='bbox 1063 5067 1126 5130; x_wconf 77' lang='lat' dir='ltr'><strong>guut</strong></span> <span class='ocrx_word' id='word_1_345' title='bbox 1135 5055 1301 5121; x_wconf 68' lang='grc' dir='ltr'><strong>ἅνεςλέψατε,</strong></span> <span class='ocrx_word' id='word_1_346' title='bbox 1311 5073 1353 5110; x_wconf 89' lang='lat' dir='ltr'><strong>seu</strong></span> <span class='ocrx_word' id='word_1_347' title='bbox 1364 5056 1440 5108; x_wconf 77' lang='grc' dir='ltr'><strong>είεεει</strong></span> <span class='ocrx_word' id='word_1_348' title='bbox 1451 5053 1643 5125; x_wconf 63' lang='lat' dir='ltr'><strong>recepitne-⁵</strong></span> <span class='ocrx_word' id='word_1_349' title='bbox 1654 5051 1675 5104; x_wconf 87' lang='lat' dir='ltr'>D</span> <span class='ocrx_word' id='word_1_350' title='bbox 1685 5052 1720 5104; x_wconf 85' lang='lat' dir='ltr'><strong>itu</strong></span> <span class='ocrx_word' id='word_1_351' title='bbox 1734 5051 1813 5104; x_wconf 78' lang='lat' dir='ltr'><strong>vocati</strong></span> 
     </span>
     <span class='ocr_line' id='line_1_32' title="bbox 242 5144 1812 5223; baseline -0.003 -23"><span class='ocrx_word' id='word_1_352' title='bbox 242 5157 381 5210; x_wconf 73' lang='lat' dir='ltr'><strong>umentote,</strong></span> <span class='ocrx_word' id='word_1_353' title='bbox 401 5169 501 5222; x_wconf 84' lang='lat' dir='ltr'><strong>quaeso,</strong></span> <span class='ocrx_word' id='word_1_354' title='bbox 523 5151 549 5204; x_wconf 89' lang='lat' dir='ltr'><strong>in</strong></span> <span class='ocrx_word' id='word_1_355' title='bbox 570 5150 704 5205; x_wconf 67' lang='lat' dir='ltr'><strong>Domino.»</strong></span> <span class='ocrx_word' id='word_1_356' title='bbox 717 5154 778 5191; x_wconf 86' lang='lat'><strong>-²</strong></span> <span class='ocrx_word' id='word_1_357' title='bbox 797 5150 841 5204; x_wconf 87' lang='lat' dir='ltr'><strong>Clr</strong></span> <span class='ocrx_word' id='word_1_358' title='bbox 858 5149 936 5223; x_wconf 77' lang='lat' dir='ltr'><strong>Epist.</strong></span> <span class='ocrx_word' id='word_1_359' title='bbox 956 5149 989 5202; x_wconf 90' lang='lat' dir='ltr'><strong>od</strong></span> <span class='ocrx_word' id='word_1_360' title='bbox 1063 5153 1127 5204; x_wconf 75' lang='lat' dir='ltr'><strong>ertio.</strong></span> <span class='ocrx_word' id='word_1_361' title='bbox 1138 5153 1193 5190; x_wconf 76' lang='lat'><strong>-⁶</strong></span> <span class='ocrx_word' id='word_1_362' title='bbox 1213 5149 1266 5204; x_wconf 81' lang='lat' dir='ltr'><strong>Cio</strong></span> <span class='ocrx_word' id='word_1_363' title='bbox 1277 5167 1382 5219; x_wconf 76' lang='lat' dir='ltr'><strong>corpore.</strong></span> <span class='ocrx_word' id='word_1_364' title='bbox 1396 5147 1417 5200; x_wconf 89' lang='lat' dir='ltr'>D</span> <span class='ocrx_word' id='word_1_365' title='bbox 1431 5149 1457 5198; x_wconf 82' lang='lat' dir='ltr'><strong>iu</strong></span> <span class='ocrx_word' id='word_1_366' title='bbox 1468 5145 1548 5200; x_wconf 81' lang='lat' dir='ltr'><strong>eadem</strong></span> <span class='ocrx_word' id='word_1_367' title='bbox 1558 5163 1637 5198; x_wconf 72' lang='lat' dir='ltr'><strong>curua</strong></span> <span class='ocrx_word' id='word_1_368' title='bbox 1649 5144 1733 5198; x_wconf 72' lang='lat' dir='ltr'><strong>Crem</strong></span> <span class='ocrx_word' id='word_1_369' title='bbox 1743 5145 1812 5196; x_wconf 75' lang='grc' dir='ltr'><strong>ἐλεύ-</strong></span> 
     </span>
     <span class='ocr_line' id='line_1_33' title="bbox 243 5236 1809 5317; baseline -0.005 -23"><span class='ocrx_word' id='word_1_370' title='bbox 243 5239 345 5314; x_wconf 72' lang='lat' dir='ltr'><strong>Ptittpp.</strong></span> <span class='ocrx_word' id='word_1_371' title='bbox 371 5261 403 5302; x_wconf 79' lang='lat' dir='ltr'><strong>rr,</strong></span> <span class='ocrx_word' id='word_1_372' title='bbox 428 5243 453 5294; x_wconf 87' lang='lat'><strong>5.</strong></span> <span class='ocrx_word' id='word_1_373' title='bbox 475 5273 514 5284; x_wconf 94' lang='lat'>-</span> <span class='ocrx_word' id='word_1_374' title='bbox 531 5247 541 5276; x_wconf 84' lang='lat'><strong>³</strong></span> <span class='ocrx_word' id='word_1_375' title='bbox 560 5243 605 5297; x_wconf 86' lang='lat' dir='ltr'><strong>Csr</strong></span> <span class='ocrx_word' id='word_1_376' title='bbox 625 5242 716 5296; x_wconf 67' lang='lat' dir='ltr'><strong>Patrai·</strong></span> <span class='ocrx_word' id='word_1_377' title='bbox 739 5243 815 5298; x_wconf 75' lang='lat' dir='ltr'><strong>Grec.</strong></span> <span class='ocrx_word' id='word_1_378' title='bbox 840 5243 939 5317; x_wconf 72' lang='lat' dir='ltr'><strong>iligna,</strong></span> <span class='ocrx_word' id='word_1_379' title='bbox 963 5245 986 5304; x_wconf 87' lang='lat' dir='ltr'><strong>l,</strong></span> <span class='ocrx_word' id='word_1_380' title='bbox 1065 5243 1149 5296; x_wconf 74' lang='lat' dir='ltr'><strong>orode.</strong></span> <span class='ocrx_word' id='word_1_381' title='bbox 1164 5245 1225 5282; x_wconf 87' lang='lat'><strong>-⁷</strong></span> <span class='ocrx_word' id='word_1_382' title='bbox 1242 5241 1261 5295; x_wconf 89' lang='lat' dir='ltr'><strong>C</strong></span> <span class='ocrx_word' id='word_1_383' title='bbox 1276 5238 1305 5293; x_wconf 88' lang='lat' dir='ltr'><strong>Si</strong></span> <span class='ocrx_word' id='word_1_384' title='bbox 1320 5239 1429 5293; x_wconf 71' lang='lat' dir='ltr'><strong>Gloriatur</strong></span> <span class='ocrx_word' id='word_1_385' title='bbox 1442 5239 1493 5311; x_wconf 78' lang='lat' dir='ltr'><strong>ipre</strong></span> <span class='ocrx_word' id='word_1_386' title='bbox 1506 5237 1703 5291; x_wconf 61' lang='lat' dir='ltr'><strong>Dominum-⁸</strong></span> <span class='ocrx_word' id='word_1_387' title='bbox 1722 5236 1740 5288; x_wconf 93' lang='lat' dir='ltr'><strong>C</strong></span> <span class='ocrx_word' id='word_1_388' title='bbox 1758 5253 1809 5286; x_wconf 77' lang='lat' dir='ltr'><strong>nor.</strong></span> 
     </span>
     <span class='ocr_line' id='line_1_34' title="bbox 242 5329 1810 5411; baseline -0.004 -23"><span class='ocrx_word' id='word_1_389' title='bbox 242 5333 288 5388; x_wconf 90' lang='lat' dir='ltr'><strong>col.</strong></span> <span class='ocrx_word' id='word_1_390' title='bbox 301 5333 362 5388; x_wconf 84' lang='lat'><strong>330.</strong></span> <span class='ocrx_word' id='word_1_391' title='bbox 372 5335 485 5408; x_wconf 84' lang='lat' dir='ltr'><strong>Sequens</strong></span> <span class='ocrx_word' id='word_1_392' title='bbox 495 5335 661 5408; x_wconf 76' lang='lat' dir='ltr'><strong>fragmentum</strong></span> <span class='ocrx_word' id='word_1_393' title='bbox 672 5336 774 5410; x_wconf 79' lang='lat' dir='ltr'><strong>crepitu</strong></span> <span class='ocrx_word' id='word_1_394' title='bbox 785 5341 818 5389; x_wconf 71' lang='lat'><strong>11⁰</strong></span> <span class='ocrx_word' id='word_1_395' title='bbox 829 5335 996 5411; x_wconf 81' lang='lat' dir='ltr'><strong>desumptum·</strong></span> <span class='ocrx_word' id='word_1_396' title='bbox 1066 5338 1149 5391; x_wconf 81' lang='lat' dir='ltr'><strong>Graece</strong></span> <span class='ocrx_word' id='word_1_397' title='bbox 1161 5339 1231 5403; x_wconf 72' lang='grc' dir='ltr'><strong>ἡμεῖς.</strong></span> <span class='ocrx_word' id='word_1_398' title='bbox 1246 5367 1283 5374; x_wconf 91' lang='grc'>-</span> <span class='ocrx_word' id='word_1_399' title='bbox 1299 5337 1308 5366; x_wconf 79' lang='lat'><strong>⁹</strong></span> <span class='ocrx_word' id='word_1_400' title='bbox 1328 5333 1382 5396; x_wconf 82' lang='lat' dir='ltr'><strong>Qua</strong></span> <span class='ocrx_word' id='word_1_401' title='bbox 1400 5332 1544 5386; x_wconf 79' lang='lat' dir='ltr'><strong>urrttoritate</strong></span> <span class='ocrx_word' id='word_1_402' title='bbox 1558 5330 1589 5384; x_wconf 88' lang='lat' dir='ltr'><strong>ad</strong></span> <span class='ocrx_word' id='word_1_403' title='bbox 1603 5331 1628 5384; x_wconf 90' lang='lat' dir='ltr'><strong>S.</strong></span> <span class='ocrx_word' id='word_1_404' title='bbox 1642 5329 1810 5391; x_wconf 79' lang='lat' dir='ltr'><strong>Clementem,</strong></span> 
     </span>
     <span class='ocr_line' id='line_1_35' title="bbox 242 5421 1810 5492; baseline -0.004 -12"><span class='ocrx_word' id='word_1_405' title='bbox 242 5435 286 5480; x_wconf 82' lang='lat' dir='ltr'><strong>est.</strong></span> <span class='ocrx_word' id='word_1_406' title='bbox 308 5425 366 5480; x_wconf 84' lang='lat' dir='ltr'><strong>Did.</strong></span> <span class='ocrx_word' id='word_1_407' title='bbox 387 5428 431 5481; x_wconf 89' lang='lat' dir='ltr'><strong>col.</strong></span> <span class='ocrx_word' id='word_1_408' title='bbox 449 5427 515 5489; x_wconf 68' lang='lat' dir='ltr'><strong>atr,</strong></span> <span class='ocrx_word' id='word_1_409' title='bbox 535 5447 583 5482; x_wconf 81' lang='lat' dir='ltr'><strong>o-c.</strong></span> <span class='ocrx_word' id='word_1_410' title='bbox 599 5431 661 5469; x_wconf 62' lang='lat' dir='ltr'><strong>—t</strong></span> <span class='ocrx_word' id='word_1_411' title='bbox 682 5431 713 5492; x_wconf 77' lang='lat' dir='ltr'><strong>t,</strong></span> <span class='ocrx_word' id='word_1_412' title='bbox 732 5430 765 5492; x_wconf 90' lang='lat' dir='ltr'><strong>D,</strong></span> <span class='ocrx_word' id='word_1_413' title='bbox 784 5429 805 5482; x_wconf 87' lang='lat' dir='ltr'>D</span> <span class='ocrx_word' id='word_1_414' title='bbox 823 5429 921 5483; x_wconf 74' lang='lat' dir='ltr'><strong>uidistis.</strong></span> <span class='ocrx_word' id='word_1_415' title='bbox 942 5429 988 5482; x_wconf 83' lang='lat' dir='ltr'><strong>llic</strong></span> <span class='ocrx_word' id='word_1_416' title='bbox 1064 5427 1185 5482; x_wconf 81' lang='lat' dir='ltr'><strong>celebrem</strong></span> <span class='ocrx_word' id='word_1_417' title='bbox 1203 5427 1266 5481; x_wconf 88' lang='lat' dir='ltr'><strong>banc</strong></span> <span class='ocrx_word' id='word_1_418' title='bbox 1286 5427 1432 5481; x_wconf 79' lang='lat' dir='ltr'><strong>sententious</strong></span> <span class='ocrx_word' id='word_1_419' title='bbox 1447 5423 1536 5478; x_wconf 77' lang='lat' dir='ltr'><strong>celerat</strong></span> <span class='ocrx_word' id='word_1_420' title='bbox 1554 5423 1628 5476; x_wconf 82' lang='lat' dir='ltr'><strong>codex</strong></span> <span class='ocrx_word' id='word_1_421' title='bbox 1645 5439 1762 5476; x_wconf 86' lang='lat' dir='ltr'><strong>armenus</strong></span> <span class='ocrx_word' id='word_1_422' title='bbox 1774 5421 1810 5473; x_wconf 89' lang='lat' dir='ltr'><strong>iu-</strong></span> 
     </span>
    </p>
   </div>
   <div class='ocr_carea' id='block_1_9' title="bbox 0 0 2001 6084">
    <p class='ocr_par' dir='ltr' id='par_1_9' title="bbox 0 0 2001 6084">
     <span class='ocr_line' id='line_1_36' title="bbox 0 0 2001 6084; baseline 0 0"><span class='ocrx_word' id='word_1_423' title='bbox 0 0 2001 6084; x_wconf 95' lang='lat' dir='ltr'><strong> </strong></span> 
     </span>
    </p>
   </div>
  </div>
 </body>
</html>
