3990 6092
245 573 311 646 lit
592 577 763 643 struunt
794 575 1196 647 turnutuno'onutt
1227 580 1469 650 tuttucrt

761 837 810 910 lV.
841 865 967 912 sinsorm
984 868 1019 911 ιι
1039 868 1125 912 truso
1142 867 1271 914 sucurno
1283 846 1305 910 ¹.

298 1035 406 1106 Satius
424 1047 472 1106 est
489 1035 600 1132 igitur,
620 1047 657 1105 ut
674 1032 827 1117 diximuS,
843 1034 922 1105 nibil
944 1035 1076 1106 omnino
1097 1036 1283 1135 quempiam
1301 1037 1398 1120 scire,
1414 1063 1455 1108 ne
1471 1064 1570 1108 unam
1588 1037 1720 1138 quidem
1737 1065 1816 1111 cnu-

246 1183 315 1228 sem
329 1155 500 1256 cujuslibet
518 1182 630 1227 eorum
646 1181 718 1254 quac
736 1155 819 1225 lacta
836 1168 913 1226 sunt
936 1168 992 1226 aut
1008 1154 1166 1229 rationem
1189 1183 1246 1226 cur
1262 1157 1345 1228 lactc
1366 1171 1457 1242 sunt,
1474 1170 1506 1230 et
1522 1158 1566 1230 sic
1582 1157 1764 1232 credentem
1783 1160 1817 1232 in

246 1278 351 1351 Deum
367 1304 570 1377 perseverare
587 1277 619 1348 in
639 1277 699 1349 Dei
714 1275 903 1362 dilectione,
919 1303 1017 1376 quam
1039 1304 1096 1377 per
1113 1277 1301 1377 hujusmodi
1318 1279 1484 1352 scientiam
1502 1280 1611 1351 inflari
1629 1293 1660 1352 et
1675 1281 1818 1361 excidere

248 1427 266 1470 a
284 1398 457 1475 dilectione
474 1425 544 1498 quae
560 1398 726 1469 hominem
744 1397 889 1469 vivificat.
910 1398 1017 1471 Satius
1035 1412 1083 1469 est
1100 1398 1145 1471 nil
1163 1398 1252 1470 eliud
1272 1425 1463 1498 cognoscere
1481 1401 1568 1472 «nisi
1587 1402 1691 1473 solum
1709 1402 1818 1474 lesum

248 1518 453 1604 «Christum,
471 1517 573 1590 filiurn
597 1517 697 1602 Deir,
715 1530 747 1590 et
766 1518 878 1589 shunc
899 1545 958 1618 pro
976 1519 1070 1590 nobis
1089 1520 1339 1606 accinicurte,
1361 1549 1459 1622 quam
1479 1549 1536 1620 par
1553 1522 1725 1594 hominum
1743 1549 1820 1622 pro-

248 1640 390 1712 lundos³
406 1653 438 1711 et
452 1639 584 1712 subtiles
602 1666 765 1711 sermones
780 1640 814 1712 in
830 1639 1031 1712 Atbeismum
1050 1641 1229 1740 impingere
1247 1639 1343 1744 (19).

592 1892 627 1963 V.
658 1919 761 1964 rusum
777 1919 909 1964 mrscorr
929 1920 1142 1977 cuonuususrs,
1160 1921 1196 1964 nx
1213 1921 1298 1966 urano
1311 1921 1441 1966 secusne
1451 1899 1475 1966 ¹.

301 2089 384 2162 Sat⁵
401 2113 473 2160 vero
493 2113 551 2158 nos
568 2085 679 2158 docuit
697 2085 871 2171 Dominus,
890 2114 956 2159 non
975 2088 1080 2159 solum
1098 2089 1307 2161 irroeternum
1329 2089 1453 2160 animas
1472 2115 1691 2188 perseverare,
1711 2115 1822 2164 verum

250 2221 281 2282 et
308 2209 461 2308 figuram,
484 2208 517 2280 in
546 2235 610 2308 qus
639 2234 755 2308 corpus
779 2212 1061 2281 resurrecturum¹
1085 2222 1147 2292 est,
1173 2208 1317 2282 eamdem
1342 2207 1378 2310 (a
1403 2207 1539 2308 sanctis)
1562 2211 1695 2294 servari,
1714 2223 1746 2286 et
1768 2235 1824 2284 eos

250 2331 345 2404 etiam
366 2355 593 2430 operumque
617 2329 668 2401 bic
686 2343 823 2428 egerunt
846 2331 1029 2404 meminisse
1051 2331 1084 2401 in
1108 2331 1240 2404 historia
1265 2330 1438 2431 illaquam
1462 2329 1593 2431 reliquit
1609 2329 1649 2403 de
1671 2331 1772 2404 Divite
1791 2346 1824 2404 et

779 2704 829 2775 vl.
861 2729 987 2776 mnsnsu
1005 2732 1041 2776 ιι
1055 2731 1141 2776 srnao
1156 2731 1261 2776 rssrro
1271 2709 1295 2777 ⁹.

303 2899 459 2970 Mathaeus
481 2912 590 2971 autem
613 2899 658 2970 ait
682 2898 770 2982 illos,
790 2899 847 2998 qui
863 2899 904 2971 ab
927 2901 1049 2972 oriente
1068 2915 1240 2984 venerunt,
1259 2899 1375 2973 dixisse
1393 2901 1527 3000 Magos:
1548 2901 1718 2973 «Vidimus
1733 2901 1821 2972 enim

253 3019 402 3092 «stellam
417 3020 486 3119 ejus
505 3020 539 3092 in
557 3020 680 3092 oriente
696 3032 727 3092 et
740 3020 886 3093 venimus
900 3020 1035 3094 odorare
1049 3048 1123 3094 eum
1133 3025 1196 3094 ¹⁰.»
1211 3022 1292 3095 Cum
1306 3022 1392 3094 enim
1403 3020 1527 3094 stella¹¹
1543 3021 1629 3094 ducti
1639 3022 1774 3094 luissent
1787 3022 1822 3092 in

252 3142 385 3214 domum
400 3140 516 3227 Jacob,
536 3142 577 3213 ad
596 3141 858 3226 Emmanuelem,
876 3169 934 3243 per
952 3170 1087 3216 munera
1104 3171 1175 3245 quae
1197 3143 1401 3226 obtulerunt,
1421 3143 1633 3216 ostenderunt
1651 3143 1724 3242 quis
1741 3156 1824 3214 esset

253 3261 308 3334 ille
329 3262 385 3362 qui
403 3262 611 3335 adorabatur.
627 3261 791 3362 Myrrham
812 3262 943 3363 quidem
965 3261 1204 3364 (obtulerunt),
1222 3264 1298 3363 quis
1314 3262 1368 3336 ille
1393 3264 1568 3338 moriturus
1589 3277 1657 3336 erat
1674 3275 1705 3336 et
1727 3289 1824 3362 sepe-

253 3383 381 3455 liendus
400 3410 457 3482 pro
475 3383 604 3456 mortali
622 3383 767 3456 humano
783 3395 918 3482 gencr'e;
933 3411 1049 3456 aurum
1069 3411 1159 3468 vero,
1180 3386 1257 3485 quia
1274 3412 1329 3456 rex
1346 3398 1415 3456 erat
1434 3387 1550 3484 scujus
1568 3410 1703 3484 regnum
1726 3383 1825 3455 dura-

255 3516 388 3574 sturum
404 3515 474 3574 erat
486 3503 555 3574 sine
569 3504 633 3575 stne
645 3508 712 3586 ηις
727 3503 803 3575 thus
813 3516 939 3587 autem,
952 3505 1027 3603 quia
1041 3505 1127 3575 Deus
1138 3516 1186 3576 est
1200 3505 1281 3603 «qui
1295 3517 1392 3574 notus
1408 3504 1509 3576 lactus
1525 3516 1572 3576 est
1589 3505 1623 3576 in
1635 3503 1746 3576 ludaea
1756 3508 1823 3578 ¹³».

255 3636 286 3692 et
304 3623 525 3696 manifestatus
541 3639 587 3696 est
605 3625 645 3696 iis
660 3627 717 3724 qui
733 3651 798 3696 non
818 3625 1006 3722 quaerebant
1024 3624 1127 3695 illum.

308 3874 374 3946 Vll.
404 3902 548 3958 tutunus,
570 3903 723 3946 stusuorus
740 3901 953 3958 inconcessis,
974 3901 1002 3945 nt
1021 3900 1107 3946 sisso
1123 3901 1228 3946 rrnrto
1246 3901 1492 3946 rsrnsnsustours
1507 3901 1645 3945 scranrrn
1664 3901 1771 3956 rausa,

937 4021 997 4067 nnc
1016 4001 1153 4068 nrx1r¹¹2

307 4198 503 4292 Argumenta
525 4191 656 4263 illorum
674 4191 761 4262 varin
780 4173 892 4294 (sunt)
910 4207 945 4264 ut
964 4192 1189 4265 ostendimus:
1208 4191 1307 4263 alium
1329 4191 1415 4264 enim
1433 4188 1546 4262 dicunt
1568 4216 1637 4262 esse
1658 4189 1751 4262 illum
1772 4191 1831 4291 qni

254 4339 368 4413 passus
386 4327 417 4384 ot
435 4309 523 4413 (ἳο)
539 4325 635 4384 natus
653 4327 716 4396 est,
736 4313 890 4412 huncque
909 4341 977 4388 esse
992 4314 1101 4385 lesum
1113 4316 1154 4395 ¹⁵3
1177 4311 1289 4412 [alium
1308 4327 1340 4383 et
1357 4309 1450 4383 illum
1468 4311 1525 4410 qui
1545 4310 1711 4382 descendit
1732 4338 1831 4410 super

290 4520 297 4551 ¹
317 4515 437 4570 Adversus
457 4515 578 4579 Heresis,
595 4515 630 4580 ll,
650 4535 731 4582 tuin,
749 4537 770 4570 r.
788 4515 831 4572 Gl'r
844 4518 883 4570 W.
900 4519 1002 4591 Herrey,
1079 4515 1220 4589 «probem
1232 4515 1301 4588 salso
1319 4515 1389 4569 dicta
1407 4515 1524 4578 udentia,
1542 4535 1557 4569 e
1579 4523 1682 4570 tuctus
1706 4513 1829 4579 secundo,

252 4610 270 4664 l.
289 4629 310 4664 c.
330 4610 356 4672 l,
377 4627 401 4683 p.
422 4609 483 4663 stt).
503 4641 540 4651 -
561 4613 571 4644 ¹
591 4609 664 4694 utgt
681 4608 720 4664 dd
742 4607 846 4664 Corirtb.
871 4631 903 4676 u,
924 4631 948 4666 a.
966 4644 1002 4652 —
1080 4609 1176 4684 scopite
1192 4627 1260 4674 cxxi,
1274 4608 1343 4682 quod
1362 4615 1400 4664 est
1415 4617 1488 4683 ceput
1507 4627 1586 4664 nuru
1605 4608 1681 4664 totius
1696 4607 1780 4663 libri.»
1792 4639 1830 4649 -

251 4705 262 4736 ¹
285 4701 353 4758 Vere.
378 4702 448 4756 lntin.
467 4721 512 4775 per
532 4705 691 4776 quaestionum
714 4701 857 4758 subtilitates
878 4716 900 4758 st
922 4704 1003 4756 minu-
1080 4707 1089 4736 ¹
1108 4703 1166 4757 Bis
1177 4721 1272 4756 cneum
1285 4707 1344 4743 —¹
1364 4703 1439 4766 t‚c‚
1453 4701 1732 4776 sequutum.
1744 4701 1830 4756 Vasio

252 4797 386 4870 dloquim
410 4827 447 4837 -
462 4797 472 4828 ¹
490 4795 612 4851 Adseruit·
633 4795 755 4861 limma,
780 4797 815 4862 ll,
842 4817 877 4852 ιι.
903 4797 947 4851 tttc
968 4804 1005 4851 est
1081 4795 1155 4850 letina
1170 4794 1533 4870 nntiquababetinqrroctim
1544 4793 1831 4868 adepturus-’Luc

253 4890 339 4946 titulus
353 4889 429 4964 liujus
438 4891 569 4965 fragmenti
583 4891 609 4946 in
623 4891 642 4946 n
654 4912 661 4944 z
672 4890 765 4956 «Quod
779 4891 868 4945 anime
884 4909 933 4944 non
944 4908 1006 4963 pra»
1081 4907 1131 4952 ιιι,
1144 4891 1250 4960 ¹9.-¹
1269 4889 1357 4943 tersio
1368 4889 1474 4944 lstininn
1484 4887 1703 4962 quiiusr'gsmtct.
1713 4891 1766 4929 -'
1785 4886 1833 4941 At-

251 4983 1007 5059 seedsntoorpore.lrenoei,episcopibugdunensis(excerge
1081 4999 1163 5034 serm
1182 4981 1248 5036 tter.
1269 4981 1316 5046 lll,
1338 5002 1359 5036 r.
1373 4982 1413 5036 W.
1433 4983 1540 5054 blansy,
1558 4982 1575 5035 t.
1594 5002 1614 5034 c.
1634 4981 1669 5044 ll,
1692 4999 1716 5056 p.
1734 4983 1776 5036 ³2.
1795 5013 1832 5022 -

252 5075 1007 5152 «tumbelnletllrsQuodnnimaenonproecndantcorpus
1082 5079 1100 5110 ¹⁰
1119 5073 1194 5129 Mart.
1220 5095 1251 5140 rr,
1274 5095 1297 5132 a.
1319 5108 1355 5116 —-
1376 5080 1392 5109 ¹¹
1413 5077 1432 5130 ll
1453 5075 1531 5130 omitt.
1551 5075 1628 5129 stelin
1647 5078 1713 5116 -¹¹
1731 5074 1791 5129 bric.
1811 5095 1832 5138 r,

256 5169 309 5240 «(1)
325 5173 453 5244 corpora),
465 5171 568 5245 etquod
579 5191 629 5227 non
643 5170 810 5226 transesntde
822 5167 966 5242 corporibus
977 5171 1005 5238 (et
1083 5169 1126 5224 33.
1143 5201 1180 5210 -
1193 5173 1210 5203 ¹¹
1230 5169 1319 5223 Protin
1341 5188 1406 5231 ιιιι,
1429 5189 1454 5224 s.
1470 5199 1507 5209 -
1523 5170 1540 5204 ¹¹
1560 5167 1657 5224 Adrou.
1675 5167 1765 5222 ttam.
1784 5168 1832 5231 ΙΙΙ,

253 5261 304 5316 «de
314 5267 437 5334 corpore)
455 5263 482 5316 in
499 5264 548 5320 alin
562 5281 672 5337 corpor-n.
684 5264 717 5330 (t
731 5263 823 5334 sancti)
840 5262 939 5322 lrenni.
956 5263 1006 5336 epi·
1083 5281 1142 5326 ιιιι,
1160 5265 1185 5316 6.
1200 5263 1239 5316 W.
1254 5263 1356 5334 Hsrveg,
1374 5261 1389 5316 l.
1409 5263 1479 5326 cll,
1496 5282 1518 5335 p.
1536 5265 1580 5334 87·
1598 5293 1635 5303 -
1653 5266 1670 5296 ¹¹
1690 5261 1774 5316 Venio
1794 5261 1832 5315 Ιι-

252 5355 337 5431 «scopi
353 5354 537 5427 Lugdunensis,
550 5363 692 5436 escurptnm
712 5355 765 5409 libri
786 5355 825 5408 cui
846 5355 945 5410 titulus:
961 5353 1005 5410 lle-
1083 5356 1132 5409 tina
1153 5355 1274 5409 Christum
1297 5355 1349 5410 loto
1367 5354 1447 5410 lerum
1467 5355 1526 5429 legit
1546 5356 1688 5428 emittitque
1711 5355 1752 5410 itta
1777 5374 1834 5428 quis
