3990 6092
688 525 888 594 SANCTUS
917 527 1216 598 HIPPOLYTUS.
1669 531 1737 600 319

165 680 291 780 istoque
310 675 450 760 devicto,
466 676 611 749 ascendit
625 675 820 762 Jerusalem,
839 677 1022 762 devastans,
1041 691 1185 752 evertens
1207 679 1316 752 omnia
1338 679 1502 780 quomodo
1521 681 1550 752 ei
1566 680 1737 783 placuit'et

165 800 270 898 coegit
286 798 415 872 ludaeos
435 824 524 871 more
544 824 746 898 paganorum
769 799 888 883 vivere,
908 812 945 870 nt
965 798 1088 872 dictum
1108 815 1156 872 est
1174 827 1283 900 supra.
1302 799 1437 873 Posthac
1459 802 1552 901 petiit
1571 801 1737 876 Persidem

164 921 276 1022 ibique
295 920 386 992 obiit.

218 1097 271 1170 Vl.
300 1097 466 1169 Etitarum
482 1107 556 1195 post
570 1095 654 1167 haec:
667 1097 811 1194 «Surget
824 1123 875 1167 rex
889 1097 1039 1196 quidam,
1050 1127 1066 1164 n
1078 1097 1169 1194 cujus
1185 1125 1304 1169 nomen
1314 1097 1503 1183 Alexander,
1516 1100 1589 1199 qui,
1604 1100 1736 1172 obtento

166 1245 267 1317 regno
285 1218 402 1317 Syriae,
417 1218 505 1289 misit
523 1216 564 1288 ad
583 1217 810 1301 Ptolemaeum,
829 1243 938 1316 regem
955 1217 1100 1316 AEgypti,
1119 1217 1228 1288 dicens
1244 1219 1298 1290 ei:
1327 1218 1398 1290 aDa
1415 1219 1496 1290 mihi
1514 1219 1734 1320 Cleopatram,

163 1339 288 1412 «lilium
298 1339 447 1423 tuam,in
456 1337 838 1437 uxoremnDeduxitque
847 1337 1040 1410 Ptolemaeus
1050 1337 1151 1409 liliam
1162 1339 1475 1439 suam,veniensque
1484 1340 1734 1427 Ptolemaldam,

163 1461 322 1533 civitatem
341 1487 413 1560 quae
433 1472 480 1532 est
499 1459 597 1542 Acco,
615 1458 706 1532 dedit
728 1459 829 1530 liliam
849 1458 1029 1531 Alexandro
1051 1459 1084 1530 in
1112 1485 1254 1532 uxorem.
1279 1459 1337 1532 llle
1358 1486 1450 1544 vero,
1468 1461 1542 1533 visis
1565 1462 1735 1535 Alexandri

162 1608 263 1678 reguo
285 1593 318 1654 et
340 1581 486 1679 regione,
507 1579 690 1680 concupivit
708 1607 763 1664 ea,
781 1579 876 1680 eique
896 1579 1066 1653 insidiatus
1085 1579 1308 1653 fraudulenter
1322 1606 1396 1653 cum
1419 1609 1457 1654 eo
1476 1582 1604 1655 locutus
1625 1597 1673 1656 est
1691 1583 1735 1656 ad

162 1700 310 1776 eamdem
327 1728 488 1785 mensam,
506 1712 542 1772 ut
558 1700 712 1800 scripturn
736 1713 794 1771 est.
817 1700 926 1782 Quare
947 1700 1070 1772 malurn
1093 1699 1245 1773 adversus
1265 1727 1340 1772 eum
1358 1701 1577 1787 machinatus,
1598 1704 1733 1804 repetito

160 1825 313 1924 AEgypto,
332 1849 571 1921 numerosoque
594 1821 733 1894 exercitu
752 1821 902 1905 collecto,
920 1821 1051 1894 veniens
1071 1821 1185 1893 cecidit
1199 1849 1298 1920 super
1310 1822 1453 1921 Syriam,
1471 1849 1543 1894 cum
1561 1823 1630 1924 ipse
1648 1823 1733 1926 (50)

161 1945 339 2018 Alexander
361 1945 470 2016 ivisset
492 1944 525 2015 in
547 1943 708 2028 Ciliciam,
735 1942 845 2014 relicta
868 1940 1039 2041 Cleopatra
1067 1969 1163 2014 uxore
1192 1942 1343 2016 inAcco.
1370 1944 1609 2043 Superveniens
1634 1945 1734 2043 igitur

161 2066 353 2139 Ptolemaeus
366 2065 499 2138 abduxit
515 2064 617 2136 filiam
634 2091 728 2136 snam
741 2063 895 2162 deditque
914 2090 985 2134 eam
1001 2063 1177 2136 Demetrio.
1193 2065 1272 2149 Qua
1289 2091 1362 2135 cum
1375 2063 1529 2138 audiisset
1541 2065 1732 2150 Alexander,

161 2187 289 2260 rediens
303 2187 469 2286 praeliatus
482 2200 528 2257 est
540 2186 691 2258 adversus
704 2184 914 2256 Ptolemaeum
929 2196 961 2256 et
974 2183 1190 2270 Demetrium3
1205 2199 1253 2269 at,
1268 2185 1355 2257 illius
1371 2184 1508 2258 exercitu
1523 2199 1608 2258 stare
1621 2201 1732 2261 contra

162 2308 235 2380 illos
257 2333 323 2379 non
345 2307 487 2390 valente,
508 2305 638 2378 secessit
662 2305 750 2404 apud
775 2332 886 2403 regem
905 2305 1049 2377 Arabum
1074 2317 1106 2376 et
1130 2306 1176 2378 ibi
1197 2306 1318 2378 occisus
1341 2320 1399 2379 est.
1415 2306 1506 2378 ‘lunc
1522 2307 1729 2392 Ptolemaeus,

159 2427 261 2528 ipsius
273 2454 374 2526 regno
388 2428 527 2528 potitus,
544 2453 695 2499 coronam
711 2425 837 2526 AEgypti
851 2439 883 2498 et
893 2426 992 2526 Syriae
1009 2426 1233 2525 claudatque,
1247 2441 1321 2528 post
1335 2439 1399 2499 tres
1415 2425 1497 2512 dies,
1514 2427 1604 2500 obiit.
1621 2429 1730 2513 Quare

159 2548 291 2650 impleta
310 2563 358 2621 est
374 2549 542 2647 Scriptura
557 2575 629 2648 quoe
647 2547 725 2620 dicit
742 2579 749 2619 :
770 2547 872 2619 aPost
888 2574 1008 2647 paucos
1024 2548 1093 2620 dies
1111 2548 1281 2644 frangetur
1298 2561 1330 2620 ct
1348 2574 1415 2620 non
1430 2547 1556 2620 dabunt
1576 2550 1606 2620 ei
1619 2548 1729 2622 hono-

161 2696 253 2741 rarem
274 2671 458 2768 regium1o.

210 2856 277 2928 Vll.
307 2855 347 2927 Et
363 2856 481 2927 iterum
500 2854 540 2926 de
558 2882 596 2928 eo
617 2855 705 2954 quod
724 2856 878 2954 scriptum
900 2868 968 2927 est:
991 2841 1134 2952 «Surget
1161 2882 1214 2926 rex
1239 2856 1342 2927 audax
1366 2870 1398 2928 et
1418 2857 1611 2931 exaltabitur
1632 2885 1730 2958 super
1773 2877 1779 2887 ·

159 3005 312 3062 somnes,
325 2973 441 3079 (sicut)
458 2977 545 3048 Deus
562 2975 716 3074 loquetur
733 3001 852 3073 magna
867 2989 899 3047 et
916 2974 1215 3075 prosperabitur⁹‚o
1235 2973 1311 3046 dicit
1326 2974 1437 3048 doctor
1453 2976 1540 3050 harno
1556 3005 1624 3050 essa
1639 2979 1730 3052 Anti-

157 3099 329 3184 christum,
350 3097 407 3196 qui
436 3111 537 3168 terras
561 3109 592 3166 et
618 3095 760 3167 civitates
783 3094 901 3165 multas
919 3093 1070 3179 vastabit,
1086 3091 1240 3196 (scilicet)
1260 3095 1449 3194 AEgyptum‚
1467 3098 1678 3198 AEthiopiam,
1697 3115 1729 3173 et

156 3217 323 3318 regionem
344 3217 451 3316 Libyas
472 3230 504 3287 et
522 3229 632 3287 contra
650 3215 760 3285 omnia
778 3214 934 3286 exaltatus
953 3228 999 3286 est
1018 3211 1209 3316 (tanquam)
1228 3213 1314 3286 Deus
1338 3231 1369 3288 et
1387 3214 1527 3303 idolum,
1542 3218 1675 3290 credens
1694 3247 1728 3291 se

129 3357 136 3366 '
158 3367 226 3412 esse
249 3338 370 3420 Deum,
387 3337 548 3408 edificans
569 3333 702 3434 quidem
725 3334 905 3407 Jerusalem
929 3348 961 3406 et
981 3333 1155 3434 templum,
1174 3361 1373 3432 congregans
1393 3337 1552 3436 populum
1571 3338 1668 3410 lsrael
1692 3367 1729 3412 ex

157 3459 309 3532 omnibus
333 3456 521 3556 regionibus
546 3481 752 3556 regnansque
772 3483 871 3555 super
897 3455 969 3526 illos
994 3456 1051 3555 qui
1074 3482 1150 3529 eum
1173 3455 1354 3528 adorabant
1374 3457 1539 3531 credentes
1563 3487 1638 3531 eum
1661 3487 1728 3532 esse

157 3581 332 3653 Christum.
353 3579 410 3650 llle
429 3604 528 3678 porro
551 3576 667 3649 occidit
689 3575 771 3649 dnos
789 3589 944 3674 martyres
961 3589 994 3648 et
1016 3577 1149 3649 nuntios
1167 3576 1300 3661 Christi,
1319 3577 1531 3677 predicantes
1553 3581 1727 3653 adventum

157 3700 283 3800 ejusde
301 3699 396 3784 coelo,
415 3698 535 3770 scilicet
559 3697 694 3770 Henoch
717 3711 749 3770 et
770 3697 890 3782 Ellam,
913 3712 950 3770 nt
971 3698 1089 3770 dicitur
1111 3697 1145 3768 in
1169 3697 1232 3770 alio
1250 3699 1430 3800 propheta:
1455 3699 1521 3772 «Et
1542 3702 1626 3773 dabo
1646 3701 1728 3774 duos

157 3835 336 3920 «martyres
358 3847 448 3892 meos
471 3819 527 3920 qui
549 3819 795 3920 prophetabunt
814 3817 903 3892 mille
925 3834 957 3891 et
979 3819 1135 3892 ducentos
1152 3819 1315 3917 sexaginta
1340 3818 1424 3906 dies,
1444 3849 1533 3894 sacco
1562 3824 1726 3923 operti³.o

157 3939 440 4025 Quemadmodum
460 3939 538 4012 dixit
555 3939 694 4011 Daniel:
716 3939 923 4012 «Constitnet
939 3953 1167 4012 testamentum
1185 3939 1295 4011 multis
1316 3940 1521 4015 hebdomada
1544 3971 1626 4029 una,
1645 3944 1727 4016 etin

156 4062 316 4134 «dimidio
329 4059 541 4133 hebdomada
557 4060 722 4132 auferetur
734 4061 839 4133 hostia
857 4073 888 4131 et
901 4060 1013 4132 libatio
1022 4064 1073 4144 ⁴‚n
1090 4059 1235 4132 dividens
1251 4087 1350 4132 unam
1362 4059 1600 4136 hebdomadam
1612 4065 1645 4137 in
1660 4065 1725 4138 duo

156 4196 317 4283 tempora,
336 4182 396 4266 ita,
416 4210 434 4253 a
449 4182 576 4254 duobus
594 4182 662 4254 istis
679 4181 873 4280 martyribus
889 4181 1118 4282 praedicatione
1134 4181 1216 4253 lacta
1230 4209 1290 4284 per
1300 4195 1363 4254 tres
1373 4210 1474 4256 annos
1490 4197 1521 4256 et
1536 4183 1724 4270 dimidium,

153 4331 213 4406 per
227 4303 398 4376 dimidium
418 4304 555 4375 alterum
570 4301 800 4386 hebdomadae,
819 4303 888 4403 ipse
904 4303 1118 4376 Antichristus
1135 4303 1295 4402 pugnabit
1312 4331 1386 4376 cum
1404 4307 1536 4391 sanctis,
1550 4320 1676 4378 vastans
1694 4322 1739 4379 et·

154 4425 292 4526 perdens
311 4451 440 4496 omnem
455 4423 615 4524 populum
633 4423 781 4506 Domini,
799 4437 835 4496 ut
850 4423 1023 4522 impleatur
1040 4426 1129 4523 quod
1149 4424 1356 4496 dictumest:
1377 4425 1441 4497 aEt
1459 4424 1584 4498 dabunt
1602 4428 1726 4500 abomi-

44 4615 48 4624 ,
155 4546 344 4618 renationem
371 4544 595 4628 desolationis
617 4543 685 4616 dies
704 4544 794 4616 mille
818 4544 973 4616 ducentos
998 4559 1029 4616 et
1051 4547 1227 4644 nonaginta
1238 4551 1288 4619 ⁵.n
1307 4547 1347 4618 Et
1365 4561 1439 4649 post
1460 4546 1530 4620 haeo
1548 4548 1626 4620 dixit
1646 4577 1726 4650 pro:

155 4669 250 4767 pheta
270 4698 278 4738 ε
297 4668 441 4740 «Beatus
460 4665 516 4766 qui
534 4665 700 4737 sustulerit
720 4679 752 4739 et
768 4666 892 4739 venerit
913 4693 1016 4767 nsque
1039 4667 1080 4739 ad
1101 4666 1169 4740 dies
1190 4669 1279 4740 mille
1299 4680 1457 4741 trecentos
1479 4669 1610 4768 triginta
1628 4671 1724 4770 quin-

156 4789 311 4888 aqnelln
335 4788 423 4860 Duae
447 4787 546 4886 igitur
571 4786 685 4860 Daniel
714 4787 793 4860 dixit
817 4789 885 4861 lore
910 4788 1183 4874 abominationes,
1207 4816 1307 4862 unam
1331 4791 1564 4889 cormptionis,
1590 4791 1724 4864 alteram

154 4908 348 4982 vastationis.
369 4909 449 4991 Quae
471 4907 603 5010 quidem
626 4909 842 5009 corruptionis
860 4909 1011 4984 Antiochi
1028 4923 1091 4994 est,
1110 4937 1183 5011 quas
1201 4923 1308 4982 autem
1331 4911 1515 4984 vastationis
1536 4911 1723 4986 Antichristi

153 5039 211 5100 est.
232 5027 322 5101 Hanc
340 5028 418 5102 dicit
435 5030 613 5131 perdurare
631 5031 722 5104 mille
742 5044 774 5102 et
790 5044 948 5104 trecentos
967 5031 1052 5117 dies,
1076 5045 1149 5117 seit,
1174 5058 1275 5104 annos
1295 5045 1359 5103 tres
1378 5059 1452 5105 cum
1470 5032 1622 5121 dimidi03
1639 5035 1722 5108 hanc

190 5202 318 5266 ¹Duna'al,
341 5222 378 5266 xv,
403 5205 608 5260 so.-¹lba'd.
641 5210 763 5261 ar.—⁸
783 5204 924 5279 Apocalypsi.
955 5227 992 5270 rr,
1013 5209 1037 5262 3.
1061 5206 1243 5270 -tltantsl,
1265 5225 1300 5270 rr,
1325 5207 1527 5278 27.-⁸tt··d.
1556 5229 1603 5277 rvr,
1626 5229 1723 5267 rr.—

152 5294 299 5351 ‘lotam
