4006 6098
523 509 725 600 stauros
757 533 1019 602 caueamus
1048 531 1427 601 raxoxxroaous.
1662 471 1787 599 'aas'

189 679 291 756 edere
313 707 378 753 non
398 679 553 766 valerem,
575 680 712 754 dicendo
737 695 885 754 naturam
909 683 968 754 Dei
987 682 1149 755 adversari
1172 683 1272 784 ipsius
1292 681 1470 756 voluntati?
1486 680 1591 764 uode,
1612 695 1649 753 ut
1665 694 1760 754 antea

189 803 295 887 edixi,
320 815 434 874 natura
458 800 519 873 Ilei
540 801 748 902 impassibilis
764 804 929 902 potentior
951 817 999 876 est
1021 803 1122 904 ipsius
1140 802 1321 888 voluntate,
1340 802 1464 874 etiarnsi
1482 799 1555 874 haee
1572 801 1659 875 Deus
1681 803 1761 876 sit.»

240 1051 292 1124 IV.
321 1051 439 1134 Porro,
456 1078 529 1123 curn
547 1051 641 1123 multi
660 1079 696 1124 ex
713 1053 752 1124 iis
766 1053 822 1153 qui
843 1052 977 1125 aderant
995 1066 1198 1152 expectarent
1216 1052 1295 1152 quid
1317 1078 1368 1124 me
1394 1055 1437 1125 ita
1453 1054 1674 1153 percunctanti
1692 1080 1761 1126 res-

189 1172 385 1274 ponderem,
399 1172 484 1244 illico
496 1171 602 1244 libens
617 1173 647 1244 ei
663 1199 853 1273 responsum
866 1174 927 1246 boc
943 1173 1042 1246 dedi:
1063 1173 1254 1258 Hominem,
1270 1173 1366 1272 cujus
1377 1187 1493 1245 natura
1511 1172 1620 1278 suipra
1634 1188 1665 1246 et
1685 1201 1760 1246 cor-

188 1320 268 1394 pore
296 1289 435 1376 constat,
454 1319 472 1364 o
492 1291 607 1364 dilecte
628 1292 853 1395 Theopompo,
871 1321 936 1366 non
958 1321 1053 1394 posse
1077 1293 1201 1394 aliquid
1225 1319 1320 1391 agere
1348 1293 1436 1393 quod
1459 1295 1499 1364 sit
1525 1307 1635 1366 contra
1659 1295 1761 1394 ipsius

188 1415 404 1498 voluntatem,
417 1414 562 1485 dicamus
579 1427 611 1486 et
627 1413 849 1514 intelligamus
866 1443 997 1516 aequum
1016 1429 1079 1499 est,
1092 1415 1247 1515 quoniam
1267 1428 1391 1488 naturae
1408 1415 1478 1513 ejus
1494 1414 1618 1513 plasma
1638 1428 1670 1486 et
1686 1443 1760 1488 cor-

190 1535 278 1636 poris
298 1535 484 1608 constitutio
503 1535 662 1630 Creatqris
682 1535 755 1633 lege
780 1549 942 1608 tenentur.
962 1536 1098 1636 Propter
1119 1536 1203 1608 hanc
1221 1535 1283 1609 vim
1306 1535 1517 1616 necessitatis.
1535 1563 1608 1635 quae
1630 1536 1760 1608 homine

188 1656 303 1748 leptior
321 1670 384 1740 est,
409 1682 476 1728 non
502 1669 606 1755 potest
630 1655 772 1728 humana
790 1657 938 1730 voluntas
958 1657 1060 1730 libere
1085 1657 1216 1756 exsequi
1234 1656 1396 1758 quidquid
1421 1657 1489 1756 ipsa
1511 1655 1654 1740 molitur,
1675 1685 1761 1756 quo-

190 1778 294 1862 niam,
313 1791 382 1849 turn
401 1791 533 1862 natura,
553 1790 622 1849 tum
638 1775 803 1862 voluntem
818 1779 852 1850 in
868 1805 960 1852 suam
976 1805 1182 1879 unaquaeque
1197 1791 1320 1878 partem
1339 1778 1471 1849 attrahit
1485 1777 1663 1850 hominem.
1681 1777 1760 1850 lude

188 1899 223 1970 in
246 1898 398 1970 omnibus
419 1897 517 1970 homo
537 1897 649 1970 laeteri
671 1925 729 1970 suo
755 1897 890 1971 inlerior
913 1911 969 1970 est.
987 1897 1209 1998 Quascumque
1233 1898 1320 1970 enirn
1342 1898 1450 1999 partui
1472 1897 1641 1996 subjacent
1662 1911 1759 1997 atque

188 2018 403 2119 corruptioni,
423 2017 502 2118 quin
519 2018 628 2090 omnia
649 2018 788 2118 possint,
807 2018 1061 2118 praepediuntur.
1083 2017 1219 2119 Oportet
1237 2016 1335 2116 igitur
1350 2031 1386 2089 ut
1403 2016 1600 2090 ineffabilem
1616 2030 1647 2090 et
1666 2018 1760 2090 inex-

187 2139 372 2240 plicabilem
391 2139 452 2211 Dei
467 2153 617 2212 naturam
637 2139 820 2212 noverimus
837 2166 922 2224 esse,
939 2166 1014 2211 cum
1033 2139 1177 2239 qualibet
1192 2165 1227 2212 re
1245 2137 1468 2212 similitudinis
1481 2151 1658 2237 expertem
1675 2139 1759 2210 nulli

187 2260 265 2359 legi,
293 2260 490 2346 necessitati,
514 2259 756 2345 consuetudini,
782 2259 1041 2361 reprehensioni,
1067 2259 1193 2354 timori,
1218 2259 1380 2357 augmini,
1405 2257 1591 2357 aegritudini
1615 2258 1759 2332 submis-

187 2409 273 2468 sam3
292 2381 407 2454 virtute
425 2394 549 2466 autem,
568 2409 639 2482 quae
658 2408 769 2454 omnes
786 2381 938 2484 profligat
955 2394 987 2454 et
1004 2409 1021 2453 a
1038 2382 1168 2454 nemine
1197 2380 1398 2482 prodigatur,
1419 2381 1528 2452 omnia
1545 2407 1639 2480 posse
1661 2408 1759 2482 pera-

190 2529 276 2600 gere.
293 2502 465 2603 Nunquam
480 2529 570 2588 xero,
584 2530 603 2575 o
616 2503 842 2604 Theopompo,
855 2503 960 2576 Deum
975 2503 1020 2575 ita
1038 2514 1166 2603 oportet
1183 2500 1363 2600 intelligere
1382 2528 1418 2574 ac
1436 2503 1462 2572 si
1480 2515 1561 2574 esset
1579 2502 1758 2573 contrarius

187 2624 346 2696 voluntati
363 2651 445 2710 suae,
464 2624 541 2725 quia
557 2625 764 2724 semetipsum
784 2624 925 2724 passioni
943 2623 1108 2708 submisit,
1121 2651 1194 2696 cum
1214 2636 1329 2696 natura
1346 2650 1403 2695 sua
1420 2635 1503 2695 esset
1516 2620 1622 2724 (106)
1640 2622 1760 2722 impas-

189 2745 302 2818 sibilis.
315 2745 521 2818 Voluntatem
545 2746 632 2817 enim
657 2744 832 2818 divinitatis
855 2773 921 2819 non
948 2745 1150 2844 sejungimus
1176 2773 1194 2817 a
1218 2744 1401 2818 beatissima
1428 2743 1483 2816 illa
1510 2743 1665 2828 essentia,
1688 2767 1761 2844 quae

189 2893 318 2966 semper
340 2881 388 2939 εει
412 2881 449 2939 ut
470 2879 533 2951 est,
551 2893 759 2966 perseverans
780 2893 883 2937 unum
908 2879 940 2938 et
964 2866 1067 2950 idem,
1086 2866 1121 2937 in
1146 2893 1212 2938 una
1235 2866 1355 2950 forma,
1374 2866 1408 2936 in
1434 2891 1500 2937 uno
1526 2891 1610 2949 esse,
1633 2865 1669 2936 in
1694 2892 1759 2937 una

189 2987 384 3060 immutabili
404 2986 583 3071 voluntatc3
603 3012 675 3085 quae
690 3013 709 3056 a
726 2985 830 3084 seipsa
849 2985 1003 3069 addiscit,
1016 2985 1078 3058 sibi
1096 2986 1159 3084 ipsi
1176 2986 1329 3086 imperat,
1350 2999 1381 3057 ει
1398 2985 1483 3085 ipsa,
1501 3013 1519 3058 a
1539 2986 1659 3085 seipsa,
1676 2997 1708 3057 et
1725 2985 1759 3056 in

189 3109 308 3208 seipsa,
326 3120 357 3180 et
372 3106 582 3208 perseipsum
600 3105 708 3178 omnia
721 3119 827 3206 potest
841 3105 962 3189 lacere,
977 3107 1057 3206 quin
1073 3104 1192 3177 alicubi
1208 3105 1426 3205 praepediatur
1439 3105 1480 3176 ab
1493 3105 1685 3204 impassibili
1701 3132 1759 3178 sua

190 3242 305 3300 natura
322 3227 470 3300 voluntas
489 3253 644 3328 peragere
668 3225 756 3326 quod
774 3226 858 3310 vult,
878 3252 981 3325 quurn
999 3226 1088 3299 omni
1106 3239 1252 3327 tempore
1269 3225 1310 3297 sit
1327 3239 1364 3296 ut
1382 3238 1438 3298 est.
1461 3225 1532 3297 Dixi
1555 3225 1642 3298 enim
1666 3225 1760 3297 illum

189 3375 293 3421 unum
310 3377 378 3422 esse
397 3362 430 3421 et
446 3349 596 3421 eumdem
614 3347 744 3449 proprie
760 3373 829 3420 esse
848 3348 969 3431 Deum,
985 3347 1041 3449 qui
1058 3347 1148 3420 nulla
1165 3347 1196 3420 vi
1214 3347 1391 3447 impeditur
1405 3373 1500 3444 agere
1518 3346 1553 3418 id
1570 3345 1758 3446 quodvult,

190 3471 265 3571 quia
288 3470 390 3571 ipsius
415 3470 551 3543 essentia
576 3469 706 3542 diversis
730 3469 792 3541 sibi
814 3468 949 3543 invicem
979 3469 1147 3543 contrariis
1170 3469 1299 3542 entibus
1327 3495 1392 3540 non
1416 3481 1549 3540 constat.
1575 3467 1759 3540 Humanam
1807 3457 1810 3466 ’

190 3606 338 3664 naturam
356 3591 635 3690 substantiamque
652 3591 777 3663 naturis
795 3589 1004 3664 dissimilibus
1022 3605 1168 3664 constare
1187 3584 1341 3676 didimus,
1359 3589 1496 3674 scilicet,
1515 3589 1622 3661 anima
1638 3602 1670 3661 ει
1687 3615 1760 3661 eor-

188 3740 277 3812 pore.
297 3712 413 3798 Porro,
434 3712 510 3813 quia
528 3713 676 3785 voluntas
689 3713 787 3786 unius
805 3712 938 3786 alterius
956 3711 1115 3785 voluntati
1135 3738 1267 3785 concors
1291 3739 1356 3784 non
1376 3723 1439 3797 εει,
1458 3709 1535 3784 inde
1553 3711 1700 3811 sequitur
1717 3709 1758 3782 ab

189 3832 377 3906 hominibus
398 3861 464 3906 non
482 3833 594 3935 perfici
613 3861 741 3933 semper
762 3861 976 3935 quaecumque
994 3832 1113 3907 vellent
1131 3833 1277 3934 exsequi,
1297 3833 1374 3934 quia
1396 3845 1511 3906 natura
1537 3830 1634 3903 unius
1658 3831 1760 3931 partis

190 3953 321 4026 alterius
340 3968 462 4027 naturae
482 3954 652 4028 adversans
672 3955 882 4056 posteriorem
906 3953 1042 4056 impedit
1065 3982 1105 4029 ne
1118 3969 1261 4056 «peragat
1283 3954 1444 4056 quidquid
1458 3952 1537 4027 vult.
1554 3952 1612 4025 llle
1631 3965 1757 4036 autern,

189 4075 246 4175 qui
260 4076 347 4148 solus
365 4089 412 4148 εει
428 4076 590 4161 infinitus,
605 4076 713 4149 bonus
733 4091 764 4149 et
787 4076 934 4176 pulcher,
954 4077 1011 4175 qui
1028 4103 1086 4150 sua
1108 4076 1252 4149 bonitate
1278 4075 1386 4149 omnia
1404 4074 1534 4159 definit,
1553 4073 1605 4146 cui
1623 4072 1760 4145 subsunt

189 4197 297 4270 omnia
316 4211 482 4298 quaesunt
503 4211 559 4270 aut
579 4198 728 4281 luerunt;
745 4198 802 4298 qui
825 4197 976 4270 omnibus
993 4197 1228 4299 supereminet;
1248 4198 1299 4270 cui
1316 4191 1571 4296 incorruptibilis
1589 4208 1637 4267 est
1659 4193 1760 4266 intel-

188 4317 305 4405 lectus,
319 4319 376 4420 qui
392 4318 583 4420 peregrinus
600 4331 631 4392 ει
649 4318 798 4419 superior
813 4332 860 4391 est
875 4318 1028 4392 omnibus
1045 4319 1154 4403 malis,
1168 4316 1445 4420 quemadmodum
1460 4329 1554 4390 antea
1566 4314 1650 4388 dixi:
1665 4313 1758 4387 illum

188 4439 293 4512 solum
313 4466 381 4511 esse
399 4437 576 4539 simplicem
595 4453 627 4511 et
644 4466 708 4511 non
728 4441 957 4539 compositum,
975 4466 1040 4512 non
1058 4440 1234 4513 admixtum
1251 4438 1345 4512 malis
1362 4438 1406 4512 ob
1424 4437 1581 4510 unitatem
1599 4436 1686 4509 illius
1707 4463 1760 4509 es·

187 4561 314 4645 sentiae,
331 4588 429 4633 unam
449 4560 646 4633 voluntatem
664 4559 800 4644 bonam,
820 4559 1065 4646 indivisibilem,
1085 4588 1253 4662 nunquam
1267 4574 1424 4661 spretam,
1439 4571 1648 4643 commotam,
1665 4556 1759 4630 debi-

187 4681 328 4767 litatam,
348 4681 600 4782 apprehensam,
618 4681 732 4754 victam
750 4696 807 4755 aut
830 4708 1032 4783 oppressam3
1052 4682 1109 4782 qui
1129 4682 1280 4754 omnibus
1297 4680 1501 4782 passionibus
1520 4679 1672 4752 excelsior
1693 4689 1756 4762 est,

187 4803 244 4902 qui
262 4803 468 4904 semetipsum
484 4802 699 4876 determinat¹
714 4803 750 4875 in
766 4803 916 4877 omnibus
933 4830 1005 4904 quae
1021 4829 1116 4902 agere
1133 4803 1319 4888 meditatur,
1332 4803 1409 4902 quia
1422 4816 1536 4874 natura
1552 4827 1611 4872 sua
1629 4798 1758 4872 nullum

186 4920 455 5021 impedimentum
478 4925 611 5024 patitur,
630 4925 785 5025 quoniam
809 4924 850 4996 ab
869 4924 958 4998 omni
981 4923 1229 4997 conturbatione
1251 4935 1393 4996 semotus
1410 4935 1474 5006 est,
1493 4947 1600 5021 neque
1622 4946 1696 4995 eum
1718 4945 1757 4992 eo

187 5041 366 5141 quidquam
391 5043 568 5144 proeliatur,
588 5058 644 5118 eut
669 5059 780 5117 eontra
798 5071 873 5116 eum
895 5044 1048 5142 insurgit3
1069 5044 1126 5145 qui
1148 5057 1196 5116 est
1220 5043 1303 5115 liber
1321 5056 1352 5114 ει
1370 5042 1532 5115 voluntate
1555 5067 1615 5114 sua
1643 5052 1759 5142 potens

227 5301 233 5331 ¹
254 5297 301 5353 llic
313 5297 381 5352 aliter
396 5299 490 5370 hymel,
502 5309 526 5353 at
537 5319 586 5355 non
600 5308 677 5364 recte,
690 5311 715 5355 nt
728 5309 843 5375 putamus
854 5323 860 5354 ε
872 5309 913 5355 ast
926 5299 1037 5356 uoluntas
1046 5301 1130 5356 obedit
1139 5302 1161 5355 ei
1173 5301 1254 5373 (Deo)
1266 5301 1292 5354 in
1305 5300 1420 5354 omnihus
1433 5317 1490 5374 qnae
1503 5317 1577 5373 apere
1591 5297 1750 5356 meditatum
