<?xml version="1.0" encoding="UTF-8"?>
<!DOCTYPE html PUBLIC "-//W3C//DTD XHTML 1.0 Transitional//EN"
    "http://www.w3.org/TR/xhtml1/DTD/xhtml1-transitional.dtd">
<html xmlns="http://www.w3.org/1999/xhtml" xml:lang="en" lang="en">
 <head>
  <title>
</title>
<meta http-equiv="Content-Type" content="text/html;charset=utf-8" />
  <meta name='ocr-system' content='tesseract 3.04.00' />
  <meta name='ocr-capabilities' content='ocr_page ocr_carea ocr_par ocr_line ocrx_word'/>
</head>
<body>
  <div class='ocr_page' id='page_1' title='image "./analectasacrasp03pitrgoog_0399.png"; bbox 0 0 4006 6098; ppageno 0'>
   <div class='ocr_carea' id='block_1_1' title="bbox 284 537 1506 607">
    <p class='ocr_par' dir='ltr' id='par_1_1' title="bbox 284 537 1506 607">
     <span class='ocr_line' id='line_1_1' title="bbox 284 537 1506 607; baseline 0 -2"><span class='ocrx_word' id='word_1_1' title='bbox 284 540 350 606; x_wconf 75' lang='lat'>352</span> <span class='ocrx_word' id='word_1_2' title='bbox 627 538 806 604; x_wconf 80' lang='lat' dir='ltr'>Phl&#39;lllllll</span> <span class='ocrx_word' id='word_1_3' title='bbox 836 537 1238 606; x_wconf 81' lang='lat' dir='ltr'><strong>ANTENICAENORUM</strong></span> <span class='ocrx_word' id='word_1_4' title='bbox 1268 539 1506 607; x_wconf 74' lang='lat' dir='ltr'>auctuum.</span> 
     </span>
    </p>
   </div>
   <div class='ocr_carea' id='block_1_2' title="bbox 281 673 1982 788">
    <p class='ocr_par' dir='ltr' id='par_1_2' title="bbox 281 673 1982 788">
     <span class='ocr_line' id='line_1_2' title="bbox 281 673 1982 788; baseline 0.002 -29"><span class='ocrx_word' id='word_1_5' title='bbox 281 687 458 760; x_wconf 88' lang='lat' dir='ltr'>substantia</span> <span class='ocrx_word' id='word_1_6' title='bbox 476 684 536 758; x_wconf 90' lang='lat' dir='ltr'>Dei</span> <span class='ocrx_word' id='word_1_7' title='bbox 551 700 582 756; x_wconf 85' lang='lat' dir='ltr'>et</span> <span class='ocrx_word' id='word_1_8' title='bbox 597 712 710 758; x_wconf 90' lang='lat' dir='ltr'>eorum</span> <span class='ocrx_word' id='word_1_9' title='bbox 725 712 798 784; x_wconf 84' lang='lat' dir='ltr'>quae</span> <span class='ocrx_word' id='word_1_10' title='bbox 815 685 897 756; x_wconf 86' lang='lat' dir='ltr'>lacta</span> <span class='ocrx_word' id='word_1_11' title='bbox 913 697 1003 767; x_wconf 92' lang='lat' dir='ltr'>sunt,</span> <span class='ocrx_word' id='word_1_12' title='bbox 1017 686 1171 784; x_wconf 91' lang='lat' dir='ltr'>quoniam</span> <span class='ocrx_word' id='word_1_13' title='bbox 1186 686 1268 758; x_wconf 90' lang='lat' dir='ltr'>nihil</span> <span class='ocrx_word' id='word_1_14' title='bbox 1285 692 1418 759; x_wconf 89' lang='lat' dir='ltr'>eorum¹</span> <span class='ocrx_word' id='word_1_15' title='bbox 1432 687 1599 788; x_wconf 71' lang='lat' dir='ltr'>quaefacta</span> <span class='ocrx_word' id='word_1_16' title='bbox 1613 688 1858 762; x_wconf 88' lang='lat' dir='ltr'>suntsubstan·</span> <span class='ocrx_word' id='word_1_17' title='bbox 1981 673 1982 678; x_wconf 6' lang='grc' dir='ltr'>ἵ</span> 
     </span>
    </p>
   </div>
   <div class='ocr_carea' id='block_1_3' title="bbox 280 805 1858 1482">
    <p class='ocr_par' dir='ltr' id='par_1_3' title="bbox 281 805 1858 906">
     <span class='ocr_line' id='line_1_3' title="bbox 281 805 1858 906; baseline 0.002 -26"><span class='ocrx_word' id='word_1_18' title='bbox 281 809 326 879; x_wconf 89' lang='lat' dir='ltr'>tia</span> <span class='ocrx_word' id='word_1_19' title='bbox 345 809 431 880; x_wconf 91' lang='lat' dir='ltr'>Deus</span> <span class='ocrx_word' id='word_1_20' title='bbox 453 820 516 890; x_wconf 89' lang='lat' dir='ltr'>est,</span> <span class='ocrx_word' id='word_1_21' title='bbox 535 833 641 906; x_wconf 89' lang='lat' dir='ltr'>neque</span> <span class='ocrx_word' id='word_1_22' title='bbox 667 807 763 878; x_wconf 89' lang='lat' dir='ltr'>etiam</span> <span class='ocrx_word' id='word_1_23' title='bbox 787 805 967 905; x_wconf 86' lang='lat' dir='ltr'><strong>quidquam</strong></span> <span class='ocrx_word' id='word_1_24' title='bbox 992 833 1104 878; x_wconf 90' lang='lat' dir='ltr'>eorum</span> <span class='ocrx_word' id='word_1_25' title='bbox 1129 807 1309 881; x_wconf 87' lang='lat' dir='ltr'>substantia</span> <span class='ocrx_word' id='word_1_26' title='bbox 1327 821 1373 880; x_wconf 89' lang='lat' dir='ltr'>est</span> <span class='ocrx_word' id='word_1_27' title='bbox 1397 809 1595 894; x_wconf 77' lang='lat' dir='ltr'>Dominus²;</span> <span class='ocrx_word' id='word_1_28' title='bbox 1619 810 1677 882; x_wconf 89' lang='lat' dir='ltr'>sed</span> <span class='ocrx_word' id='word_1_29' title='bbox 1700 833 1784 883; x_wconf 89' lang='lat' dir='ltr'>unus</span> <span class='ocrx_word' id='word_1_30' title='bbox 1801 827 1858 883; x_wconf 87' lang='lat' dir='ltr'>est</span> 
     </span>
    </p>

    <p class='ocr_par' dir='ltr' id='par_1_4' title="bbox 283 927 1854 1028">
     <span class='ocr_line' id='line_1_4' title="bbox 283 927 1854 1028; baseline 0.002 -27"><span class='ocrx_word' id='word_1_31' title='bbox 283 930 369 1001; x_wconf 91' lang='lat' dir='ltr'>Deus</span> <span class='ocrx_word' id='word_1_32' title='bbox 390 928 495 1012; x_wconf 91' lang='lat' dir='ltr'>Pater,</span> <span class='ocrx_word' id='word_1_33' title='bbox 515 954 599 1000; x_wconf 91' lang='lat' dir='ltr'>unus</span> <span class='ocrx_word' id='word_1_34' title='bbox 619 927 776 999; x_wconf 87' lang='lat' dir='ltr'>Dominus</span> <span class='ocrx_word' id='word_1_35' title='bbox 799 927 915 1010; x_wconf 87' lang='lat' dir='ltr'>Filius,</span> <span class='ocrx_word' id='word_1_36' title='bbox 932 941 964 1000; x_wconf 93' lang='lat' dir='ltr'>et</span> <span class='ocrx_word' id='word_1_37' title='bbox 982 954 1066 999; x_wconf 90' lang='lat' dir='ltr'>unus</span> <span class='ocrx_word' id='word_1_38' title='bbox 1083 928 1223 1028; x_wconf 82' lang='lat' dir='ltr'>Spiritus</span> <span class='ocrx_word' id='word_1_39' title='bbox 1239 928 1387 1001; x_wconf 90' lang='lat' dir='ltr'>Sanctus.</span> <span class='ocrx_word' id='word_1_40' title='bbox 1406 929 1551 1002; x_wconf 88' lang='lat' dir='ltr'><strong>Dicimus</strong></span> <span class='ocrx_word' id='word_1_41' title='bbox 1568 944 1677 1002; x_wconf 90' lang='lat' dir='ltr'>autem</span> <span class='ocrx_word' id='word_1_42' title='bbox 1702 944 1733 1002; x_wconf 90' lang='lat' dir='ltr'>et</span> <span class='ocrx_word' id='word_1_43' title='bbox 1749 957 1854 1004; x_wconf 87' lang='lat' dir='ltr'>unam</span> 
     </span>
    </p>

    <p class='ocr_par' dir='ltr' id='par_1_5' title="bbox 282 1047 1852 1144">
     <span class='ocr_line' id='line_1_5' title="bbox 282 1047 1852 1144; baseline 0.003 -24"><span class='ocrx_word' id='word_1_44' title='bbox 282 1050 439 1122; x_wconf 85' lang='lat' dir='ltr'>Deitatem</span> <span class='ocrx_word' id='word_1_45' title='bbox 458 1062 489 1120; x_wconf 89' lang='lat' dir='ltr'>et</span> <span class='ocrx_word' id='word_1_46' title='bbox 511 1075 612 1122; x_wconf 89' lang='lat' dir='ltr'>unam</span> <span class='ocrx_word' id='word_1_47' title='bbox 636 1047 897 1120; x_wconf 90' lang='lat' dir='ltr'>Dominationem</span> <span class='ocrx_word' id='word_1_48' title='bbox 917 1061 949 1119; x_wconf 90' lang='lat' dir='ltr'>et</span> <span class='ocrx_word' id='word_1_49' title='bbox 970 1075 1068 1119; x_wconf 91' lang='lat' dir='ltr'>unam</span> <span class='ocrx_word' id='word_1_50' title='bbox 1084 1049 1293 1121; x_wconf 87' lang='lat' dir='ltr'>Sanctitatem</span> <span class='ocrx_word' id='word_1_51' title='bbox 1314 1076 1383 1121; x_wconf 90' lang='lat' dir='ltr'>esse</span> <span class='ocrx_word' id='word_1_52' title='bbox 1398 1050 1604 1134; x_wconf 80' lang='lat' dir='ltr'>Trinitatem,</span> <span class='ocrx_word' id='word_1_53' title='bbox 1623 1051 1699 1144; x_wconf 91' lang='lat' dir='ltr'>quia</span> <span class='ocrx_word' id='word_1_54' title='bbox 1718 1052 1852 1124; x_wconf 85' lang='lat' dir='ltr'>Domini</span> 
     </span>
    </p>

    <p class='ocr_par' dir='ltr' id='par_1_6' title="bbox 281 1166 1853 1270">
     <span class='ocr_line' id='line_1_6' title="bbox 281 1166 1853 1270; baseline 0.002 -31"><span class='ocrx_word' id='word_1_55' title='bbox 281 1168 476 1268; x_wconf 86' lang='lat' dir='ltr'>principium</span> <span class='ocrx_word' id='word_1_56' title='bbox 495 1181 543 1239; x_wconf 90' lang='lat' dir='ltr'>est</span> <span class='ocrx_word' id='word_1_57' title='bbox 559 1167 666 1250; x_wconf 88' lang='lat' dir='ltr'>Pater,</span> <span class='ocrx_word' id='word_1_58' title='bbox 683 1166 740 1267; x_wconf 88' lang='lat' dir='ltr'>qui</span> <span class='ocrx_word' id='word_1_59' title='bbox 761 1193 836 1238; x_wconf 89' lang='lat' dir='ltr'>eum</span> <span class='ocrx_word' id='word_1_60' title='bbox 854 1167 968 1264; x_wconf 82' lang='lat' dir='ltr'>genuit</span> <span class='ocrx_word' id='word_1_61' title='bbox 982 1166 1022 1238; x_wconf 86' lang='lat' dir='ltr'>ab</span> <span class='ocrx_word' id='word_1_62' title='bbox 1041 1181 1176 1251; x_wconf 74' lang='lat' dir='ltr'>eterno,</span> <span class='ocrx_word' id='word_1_63' title='bbox 1196 1181 1227 1238; x_wconf 90' lang='lat' dir='ltr'>et</span> <span class='ocrx_word' id='word_1_64' title='bbox 1244 1181 1433 1268; x_wconf 79' lang='lat' dir='ltr'>prototypus</span> <span class='ocrx_word' id='word_1_65' title='bbox 1456 1166 1540 1270; x_wconf 85' lang='lat'>(89)</span> <span class='ocrx_word' id='word_1_66' title='bbox 1556 1169 1696 1270; x_wconf 86' lang='lat' dir='ltr'>Spiritus</span> <span class='ocrx_word' id='word_1_67' title='bbox 1715 1184 1762 1242; x_wconf 89' lang='lat' dir='ltr'>est</span> <span class='ocrx_word' id='word_1_68' title='bbox 1779 1172 1853 1242; x_wconf 93' lang='lat' dir='ltr'>Do-</span> 
     </span>
    </p>

    <p class='ocr_par' dir='ltr' id='par_1_7' title="bbox 280 1286 1852 1482">
     <span class='ocr_line' id='line_1_7' title="bbox 280 1286 1852 1392; baseline 0.002 -32"><span class='ocrx_word' id='word_1_69' title='bbox 280 1289 399 1361; x_wconf 87' lang='lat' dir='ltr'>minus.</span> <span class='ocrx_word' id='word_1_70' title='bbox 420 1288 472 1361; x_wconf 89' lang='lat' dir='ltr'>Sic</span> <span class='ocrx_word' id='word_1_71' title='bbox 492 1288 579 1360; x_wconf 90' lang='lat' dir='ltr'>enim</span> <span class='ocrx_word' id='word_1_72' title='bbox 599 1299 630 1359; x_wconf 89' lang='lat' dir='ltr'>et</span> <span class='ocrx_word' id='word_1_73' title='bbox 649 1286 745 1358; x_wconf 87' lang='lat' dir='ltr'>Pater</span> <span class='ocrx_word' id='word_1_74' title='bbox 767 1286 942 1372; x_wconf 85' lang='lat' dir='ltr'>Dominus,</span> <span class='ocrx_word' id='word_1_75' title='bbox 957 1299 990 1358; x_wconf 91' lang='lat' dir='ltr'>et</span> <span class='ocrx_word' id='word_1_76' title='bbox 1006 1287 1032 1358; x_wconf 78' lang='lat' dir='ltr'><strong>F</strong></span> <span class='ocrx_word' id='word_1_77' title='bbox 1033 1286 1107 1358; x_wconf 91' lang='lat' dir='ltr'>ilius</span> <span class='ocrx_word' id='word_1_78' title='bbox 1131 1287 1236 1372; x_wconf 92' lang='lat' dir='ltr'>Deus,</span> <span class='ocrx_word' id='word_1_79' title='bbox 1251 1302 1283 1359; x_wconf 90' lang='lat' dir='ltr'>et</span> <span class='ocrx_word' id='word_1_80' title='bbox 1300 1287 1340 1360; x_wconf 93' lang='lat' dir='ltr'>de</span> <span class='ocrx_word' id='word_1_81' title='bbox 1358 1289 1425 1360; x_wconf 92' lang='lat' dir='ltr'>Deo</span> <span class='ocrx_word' id='word_1_82' title='bbox 1444 1288 1566 1360; x_wconf 90' lang='lat' dir='ltr'>dictum</span> <span class='ocrx_word' id='word_1_83' title='bbox 1589 1303 1636 1362; x_wconf 91' lang='lat' dir='ltr'>est</span> <span class='ocrx_word' id='word_1_84' title='bbox 1655 1318 1664 1357; x_wconf 89' lang='lat'>:</span> <span class='ocrx_word' id='word_1_85' title='bbox 1683 1291 1852 1392; x_wconf 65' lang='lat' dir='ltr'>«Spiritus</span> 
     </span>
     <span class='ocr_line' id='line_1_8' title="bbox 283 1410 519 1482; baseline -0.008 -4"><span class='ocrx_word' id='word_1_86' title='bbox 283 1422 355 1482; x_wconf 71' lang='lat' dir='ltr'>sest</span> <span class='ocrx_word' id='word_1_87' title='bbox 374 1410 519 1482; x_wconf 77' lang='lat' dir='ltr'>Deus³.n</span> 
     </span>
    </p>
   </div>
   <div class='ocr_carea' id='block_1_4' title="bbox 278 1585 1851 3015">
    <p class='ocr_par' dir='ltr' id='par_1_8' title="bbox 278 1585 1851 3015">
     <span class='ocr_line' id='line_1_9' title="bbox 332 1585 1848 1686; baseline 0.003 -28"><span class='ocrx_word' id='word_1_88' title='bbox 332 1587 412 1659; x_wconf 87' lang='lat' dir='ltr'><strong>XIV.</strong></span> <span class='ocrx_word' id='word_1_89' title='bbox 440 1587 642 1658; x_wconf 86' lang='lat' dir='ltr'>Confitemur</span> <span class='ocrx_word' id='word_1_90' title='bbox 663 1585 763 1684; x_wconf 84' lang='lat' dir='ltr'>igitur</span> <span class='ocrx_word' id='word_1_91' title='bbox 788 1613 890 1657; x_wconf 92' lang='lat' dir='ltr'>unum</span> <span class='ocrx_word' id='word_1_92' title='bbox 914 1586 1017 1657; x_wconf 93' lang='lat' dir='ltr'>Deum</span> <span class='ocrx_word' id='word_1_93' title='bbox 1035 1612 1163 1670; x_wconf 85' lang='lat' dir='ltr'>verum,</span> <span class='ocrx_word' id='word_1_94' title='bbox 1183 1612 1286 1657; x_wconf 87' lang='lat' dir='ltr'>unum</span> <span class='ocrx_word' id='word_1_95' title='bbox 1313 1587 1509 1686; x_wconf 90' lang='lat' dir='ltr'>principium</span> <span class='ocrx_word' id='word_1_96' title='bbox 1533 1600 1566 1660; x_wconf 88' lang='lat' dir='ltr'>et</span> <span class='ocrx_word' id='word_1_97' title='bbox 1588 1615 1690 1661; x_wconf 91' lang='lat' dir='ltr'>unum</span> <span class='ocrx_word' id='word_1_98' title='bbox 1714 1590 1848 1675; x_wconf 87' lang='lat' dir='ltr'>Filium,</span> 
     </span>
     <span class='ocr_line' id='line_1_10' title="bbox 282 1705 1850 1808; baseline 0.003 -28"><span class='ocrx_word' id='word_1_99' title='bbox 282 1735 392 1780; x_wconf 85' lang='lat' dir='ltr'>verum</span> <span class='ocrx_word' id='word_1_100' title='bbox 407 1705 529 1808; x_wconf 85' lang='lat' dir='ltr'>(Deum</span> <span class='ocrx_word' id='word_1_101' title='bbox 539 1706 569 1806; x_wconf 61' lang='grc' dir='ltr'>Δ)</span> <span class='ocrx_word' id='word_1_102' title='bbox 586 1733 620 1778; x_wconf 87' lang='lat' dir='ltr'>ex</span> <span class='ocrx_word' id='word_1_103' title='bbox 636 1707 703 1778; x_wconf 93' lang='lat' dir='ltr'>Deo</span> <span class='ocrx_word' id='word_1_104' title='bbox 721 1733 811 1790; x_wconf 83' lang='lat' dir='ltr'>vero,</span> <span class='ocrx_word' id='word_1_105' title='bbox 830 1705 1020 1778; x_wconf 80' lang='lat' dir='ltr'>naturaliter</span> <span class='ocrx_word' id='word_1_106' title='bbox 1036 1705 1235 1778; x_wconf 88' lang='lat' dir='ltr'>divinitatem</span> <span class='ocrx_word' id='word_1_107' title='bbox 1254 1720 1421 1805; x_wconf 89' lang='lat' dir='ltr'>paternam</span> <span class='ocrx_word' id='word_1_108' title='bbox 1436 1707 1627 1794; x_wconf 78' lang='lat' dir='ltr'>habentem,</span> <span class='ocrx_word' id='word_1_109' title='bbox 1641 1710 1676 1781; x_wconf 93' lang='lat' dir='ltr'>id</span> <span class='ocrx_word' id='word_1_110' title='bbox 1693 1723 1755 1796; x_wconf 92' lang='lat' dir='ltr'>est,</span> <span class='ocrx_word' id='word_1_111' title='bbox 1771 1739 1850 1784; x_wconf 88' lang='lat' dir='ltr'>con·</span> 
     </span>
     <span class='ocr_line' id='line_1_11' title="bbox 280 1826 1849 1927; baseline 0.003 -27"><span class='ocrx_word' id='word_1_112' title='bbox 280 1827 525 1901; x_wconf 86' lang='lat' dir='ltr'>substantialem</span> <span class='ocrx_word' id='word_1_113' title='bbox 548 1826 652 1911; x_wconf 88' lang='lat' dir='ltr'>Patri;</span> <span class='ocrx_word' id='word_1_114' title='bbox 677 1840 710 1898; x_wconf 90' lang='lat' dir='ltr'>et</span> <span class='ocrx_word' id='word_1_115' title='bbox 734 1853 837 1898; x_wconf 90' lang='lat' dir='ltr'>unum</span> <span class='ocrx_word' id='word_1_116' title='bbox 860 1826 1016 1926; x_wconf 90' lang='lat' dir='ltr'>Spiritum</span> <span class='ocrx_word' id='word_1_117' title='bbox 1040 1828 1211 1910; x_wconf 85' lang='lat' dir='ltr'>Sanctum,</span> <span class='ocrx_word' id='word_1_118' title='bbox 1236 1828 1308 1927; x_wconf 92' lang='lat' dir='ltr'>qui,</span> <span class='ocrx_word' id='word_1_119' title='bbox 1334 1841 1451 1899; x_wconf 88' lang='lat' dir='ltr'>natura</span> <span class='ocrx_word' id='word_1_120' title='bbox 1478 1842 1510 1901; x_wconf 93' lang='lat' dir='ltr'>et</span> <span class='ocrx_word' id='word_1_121' title='bbox 1529 1831 1677 1914; x_wconf 88' lang='lat' dir='ltr'>veritate,</span> <span class='ocrx_word' id='word_1_122' title='bbox 1702 1833 1849 1904; x_wconf 90' lang='lat' dir='ltr'>omnium</span> 
     </span>
     <span class='ocr_line' id='line_1_12' title="bbox 280 1947 1851 2051; baseline 0.003 -31"><span class='ocrx_word' id='word_1_123' title='bbox 280 1950 493 2022; x_wconf 87' lang='lat' dir='ltr'>sanctificator</span> <span class='ocrx_word' id='word_1_124' title='bbox 511 1962 543 2020; x_wconf 91' lang='lat' dir='ltr'>et</span> <span class='ocrx_word' id='word_1_125' title='bbox 560 1947 727 2019; x_wconf 87' lang='lat' dir='ltr'>deificator</span> <span class='ocrx_word' id='word_1_126' title='bbox 744 1947 862 2030; x_wconf 79' lang='lat' dir='ltr'>existit,</span> <span class='ocrx_word' id='word_1_127' title='bbox 883 1947 1005 2047; x_wconf 91' lang='lat' dir='ltr'>quique</span> <span class='ocrx_word' id='word_1_128' title='bbox 1023 1960 1071 2019; x_wconf 91' lang='lat' dir='ltr'>est</span> <span class='ocrx_word' id='word_1_129' title='bbox 1086 1975 1122 2018; x_wconf 83' lang='lat' dir='ltr'>ex</span> <span class='ocrx_word' id='word_1_130' title='bbox 1135 1948 1315 2020; x_wconf 88' lang='lat' dir='ltr'>substantia</span> <span class='ocrx_word' id='word_1_131' title='bbox 1333 1947 1436 2021; x_wconf 84' lang='lat' dir='ltr'>Patris</span> <span class='ocrx_word' id='word_1_132' title='bbox 1446 1954 1470 2020; x_wconf 85' lang='lat'>⁵.</span> <span class='ocrx_word' id='word_1_133' title='bbox 1485 1951 1548 2023; x_wconf 87' lang='lat' dir='ltr'>Eos</span> <span class='ocrx_word' id='word_1_134' title='bbox 1561 1979 1634 2024; x_wconf 87' lang='lat' dir='ltr'>vero</span> <span class='ocrx_word' id='word_1_135' title='bbox 1653 1953 1710 2051; x_wconf 88' lang='lat' dir='ltr'>qui</span> <span class='ocrx_word' id='word_1_136' title='bbox 1727 1953 1776 2024; x_wconf 91' lang='lat' dir='ltr'>vel</span> <span class='ocrx_word' id='word_1_137' title='bbox 1791 1953 1851 2025; x_wconf 78' lang='lat' dir='ltr'>Fi-</span> 
     </span>
     <span class='ocr_line' id='line_1_13' title="bbox 279 2069 1851 2170; baseline 0.002 -28"><span class='ocrx_word' id='word_1_138' title='bbox 279 2071 376 2151; x_wconf 86' lang='lat' dir='ltr'>lium,</span> <span class='ocrx_word' id='word_1_139' title='bbox 390 2070 439 2143; x_wconf 88' lang='lat' dir='ltr'>vel</span> <span class='ocrx_word' id='word_1_140' title='bbox 454 2069 612 2170; x_wconf 90' lang='lat' dir='ltr'>Spiritum</span> <span class='ocrx_word' id='word_1_141' title='bbox 628 2069 784 2142; x_wconf 86' lang='lat' dir='ltr'>Sanctum</span> <span class='ocrx_word' id='word_1_142' title='bbox 800 2081 978 2140; x_wconf 83' lang='lat' dir='ltr'>creaturam</span> <span class='ocrx_word' id='word_1_143' title='bbox 997 2069 1110 2140; x_wconf 89' lang='lat' dir='ltr'>dicunt</span> <span class='ocrx_word' id='word_1_144' title='bbox 1124 2070 1328 2142; x_wconf 86' lang='lat' dir='ltr'>anathemate</span> <span class='ocrx_word' id='word_1_145' title='bbox 1346 2069 1554 2157; x_wconf 86' lang='lat' dir='ltr'>damnamus,</span> <span class='ocrx_word' id='word_1_146' title='bbox 1571 2073 1680 2144; x_wconf 89' lang='lat' dir='ltr'>omnia</span> <span class='ocrx_word' id='word_1_147' title='bbox 1695 2099 1768 2145; x_wconf 90' lang='lat' dir='ltr'>vero</span> <span class='ocrx_word' id='word_1_148' title='bbox 1784 2074 1851 2145; x_wconf 86' lang='lat' dir='ltr'>alia</span> 
     </span>
     <span class='ocr_line' id='line_1_14' title="bbox 279 2190 1848 2291; baseline 0.001 -27"><span class='ocrx_word' id='word_1_149' title='bbox 279 2191 405 2264; x_wconf 84' lang='lat' dir='ltr'>servilia</span> <span class='ocrx_word' id='word_1_150' title='bbox 430 2219 497 2264; x_wconf 92' lang='lat' dir='ltr'>esse</span> <span class='ocrx_word' id='word_1_151' title='bbox 516 2205 548 2263; x_wconf 93' lang='lat' dir='ltr'>et</span> <span class='ocrx_word' id='word_1_152' title='bbox 565 2204 704 2262; x_wconf 85' lang='lat' dir='ltr'>creatae</span> <span class='ocrx_word' id='word_1_153' title='bbox 726 2191 794 2262; x_wconf 92' lang='lat' dir='ltr'>Deo</span> <span class='ocrx_word' id='word_1_154' title='bbox 817 2203 922 2262; x_wconf 87' lang='lat' dir='ltr'>creata</span> <span class='ocrx_word' id='word_1_155' title='bbox 944 2190 1041 2262; x_wconf 85' lang='lat' dir='ltr'>luisse</span> <span class='ocrx_word' id='word_1_156' title='bbox 1059 2217 1119 2289; x_wconf 90' lang='lat' dir='ltr'>per</span> <span class='ocrx_word' id='word_1_157' title='bbox 1140 2190 1260 2262; x_wconf 88' lang='lat' dir='ltr'>Filium</span> <span class='ocrx_word' id='word_1_158' title='bbox 1276 2203 1307 2262; x_wconf 89' lang='lat' dir='ltr'>et</span> <span class='ocrx_word' id='word_1_159' title='bbox 1322 2218 1340 2261; x_wconf 85' lang='lat' dir='ltr'>a</span> <span class='ocrx_word' id='word_1_160' title='bbox 1356 2191 1481 2291; x_wconf 89' lang='lat' dir='ltr'>Spiritu</span> <span class='ocrx_word' id='word_1_161' title='bbox 1499 2192 1616 2265; x_wconf 86' lang='lat' dir='ltr'>Sancto</span> <span class='ocrx_word' id='word_1_162' title='bbox 1639 2195 1848 2268; x_wconf 85' lang='lat' dir='ltr'>sanctificata.</span> 
     </span>
     <span class='ocr_line' id='line_1_15' title="bbox 279 2303 1850 2413; baseline 0.003 -29"><span class='ocrx_word' id='word_1_163' title='bbox 279 2314 399 2386; x_wconf 91' lang='lat' dir='ltr'>lterum</span> <span class='ocrx_word' id='word_1_164' title='bbox 419 2315 611 2385; x_wconf 87' lang='lat' dir='ltr'>confitemur</span> <span class='ocrx_word' id='word_1_165' title='bbox 632 2312 750 2383; x_wconf 90' lang='lat' dir='ltr'>Filium</span> <span class='ocrx_word' id='word_1_166' title='bbox 771 2311 831 2382; x_wconf 89' lang='lat' dir='ltr'>Dei</span> <span class='ocrx_word' id='word_1_167' title='bbox 855 2312 975 2382; x_wconf 88' lang='lat' dir='ltr'>lactum</span> <span class='ocrx_word' id='word_1_168' title='bbox 994 2337 1062 2404; x_wconf 90' lang='lat' dir='ltr'>esse</span> <span class='ocrx_word' id='word_1_169' title='bbox 1087 2311 1206 2383; x_wconf 88' lang='lat' dir='ltr'>Filium</span> <span class='ocrx_word' id='word_1_170' title='bbox 1226 2303 1383 2396; x_wconf 91' lang='lat' dir='ltr'>hominis,</span> <span class='ocrx_word' id='word_1_171' title='bbox 1402 2339 1468 2384; x_wconf 90' lang='lat' dir='ltr'>non</span> <span class='ocrx_word' id='word_1_172' title='bbox 1487 2313 1619 2413; x_wconf 92' lang='lat' dir='ltr'>quidem</span> <span class='ocrx_word' id='word_1_173' title='bbox 1635 2315 1768 2388; x_wconf 89' lang='lat' dir='ltr'>nomine</span> <span class='ocrx_word' id='word_1_174' title='bbox 1791 2317 1850 2389; x_wconf 92' lang='lat' dir='ltr'>sed</span> 
     </span>
     <span class='ocr_line' id='line_1_16' title="bbox 279 2431 1850 2534; baseline 0.002 -28"><span class='ocrx_word' id='word_1_175' title='bbox 279 2435 427 2519; x_wconf 86' lang='lat' dir='ltr'>veritate,</span> <span class='ocrx_word' id='word_1_176' title='bbox 444 2434 598 2534; x_wconf 86' lang='lat' dir='ltr'>quoniam</span> <span class='ocrx_word' id='word_1_177' title='bbox 619 2431 792 2531; x_wconf 85' lang='lat' dir='ltr'>assumpsit</span> <span class='ocrx_word' id='word_1_178' title='bbox 811 2457 940 2503; x_wconf 89' lang='lat' dir='ltr'>carnem</span> <span class='ocrx_word' id='word_1_179' title='bbox 961 2457 996 2502; x_wconf 85' lang='lat' dir='ltr'>ex</span> <span class='ocrx_word' id='word_1_180' title='bbox 1014 2431 1145 2528; x_wconf 84' lang='lat' dir='ltr'>Virgine</span> <span class='ocrx_word' id='word_1_181' title='bbox 1161 2445 1269 2504; x_wconf 84' lang='lat' dir='ltr'>sancta</span> <span class='ocrx_word' id='word_1_182' title='bbox 1280 2437 1304 2516; x_wconf 84' lang='lat'>⁶,</span> <span class='ocrx_word' id='word_1_183' title='bbox 1322 2434 1539 2534; x_wconf 89' lang='lat' dir='ltr'>eumdemque</span> <span class='ocrx_word' id='word_1_184' title='bbox 1562 2462 1629 2508; x_wconf 89' lang='lat' dir='ltr'>esse</span> <span class='ocrx_word' id='word_1_185' title='bbox 1648 2437 1707 2508; x_wconf 92' lang='lat' dir='ltr'>Dei</span> <span class='ocrx_word' id='word_1_186' title='bbox 1729 2437 1850 2510; x_wconf 85' lang='lat' dir='ltr'>Filium</span> 
     </span>
     <span class='ocr_line' id='line_1_17' title="bbox 278 2550 1851 2655; baseline 0.001 -27"><span class='ocrx_word' id='word_1_187' title='bbox 278 2557 456 2655; x_wconf 88' lang='lat' dir='ltr'>perlectum</span> <span class='ocrx_word' id='word_1_188' title='bbox 475 2568 507 2627; x_wconf 93' lang='lat' dir='ltr'>et</span> <span class='ocrx_word' id='word_1_189' title='bbox 524 2553 675 2627; x_wconf 91' lang='lat' dir='ltr'>eumdem</span> <span class='ocrx_word' id='word_1_190' title='bbox 694 2553 812 2625; x_wconf 87' lang='lat' dir='ltr'>Filium</span> <span class='ocrx_word' id='word_1_191' title='bbox 827 2550 983 2636; x_wconf 89' lang='lat' dir='ltr'>hominis,</span> <span class='ocrx_word' id='word_1_192' title='bbox 1001 2578 1100 2623; x_wconf 92' lang='lat' dir='ltr'>unam</span> <span class='ocrx_word' id='word_1_193' title='bbox 1115 2579 1288 2650; x_wconf 79' lang='lat' dir='ltr'>pomonam</span> <span class='ocrx_word' id='word_1_194' title='bbox 1301 2565 1333 2624; x_wconf 89' lang='lat' dir='ltr'>ct</span> <span class='ocrx_word' id='word_1_195' title='bbox 1348 2581 1448 2640; x_wconf 89' lang='lat' dir='ltr'>unam</span> <span class='ocrx_word' id='word_1_196' title='bbox 1464 2553 1686 2629; x_wconf 85' lang='lat' dir='ltr'>adorationem</span> <span class='ocrx_word' id='word_1_197' title='bbox 1700 2557 1800 2630; x_wconf 84' lang='lat' dir='ltr'>Verbi</span> <span class='ocrx_word' id='word_1_198' title='bbox 1818 2573 1851 2630; x_wconf 89' lang='lat' dir='ltr'>et</span> 
     </span>
     <span class='ocr_line' id='line_1_18' title="bbox 278 2671 1849 2776; baseline 0.001 -27"><span class='ocrx_word' id='word_1_199' title='bbox 278 2677 382 2749; x_wconf 90' lang='lat' dir='ltr'>carnis</span> <span class='ocrx_word' id='word_1_200' title='bbox 401 2704 498 2776; x_wconf 90' lang='lat' dir='ltr'>quam</span> <span class='ocrx_word' id='word_1_201' title='bbox 517 2673 697 2773; x_wconf 89' lang='lat' dir='ltr'>assumpsit.</span> <span class='ocrx_word' id='word_1_202' title='bbox 718 2673 757 2743; x_wconf 81' lang='lat' dir='ltr'>Et</span> <span class='ocrx_word' id='word_1_203' title='bbox 774 2671 978 2744; x_wconf 84' lang='lat' dir='ltr'>anathemate</span> <span class='ocrx_word' id='word_1_204' title='bbox 995 2671 1204 2771; x_wconf 81' lang='lat' dir='ltr'>prodigamus</span> <span class='ocrx_word' id='word_1_205' title='bbox 1225 2675 1353 2774; x_wconf 89' lang='lat' dir='ltr'>eosqui</span> <span class='ocrx_word' id='word_1_206' title='bbox 1371 2675 1511 2746; x_wconf 84' lang='lat' dir='ltr'>diversas</span> <span class='ocrx_word' id='word_1_207' title='bbox 1529 2675 1732 2750; x_wconf 89' lang='lat' dir='ltr'>adorationes</span> <span class='ocrx_word' id='word_1_208' title='bbox 1752 2679 1849 2750; x_wconf 89' lang='lat' dir='ltr'>insti-</span> 
     </span>
     <span class='ocr_line' id='line_1_19' title="bbox 278 2790 1847 2890; baseline -0.001 -21"><span class='ocrx_word' id='word_1_209' title='bbox 278 2811 390 2882; x_wconf 92' lang='lat' dir='ltr'>tuunt,</span> <span class='ocrx_word' id='word_1_210' title='bbox 408 2822 506 2868; x_wconf 91' lang='lat' dir='ltr'>unam</span> <span class='ocrx_word' id='word_1_211' title='bbox 526 2794 667 2867; x_wconf 87' lang='lat' dir='ltr'>divinam</span> <span class='ocrx_word' id='word_1_212' title='bbox 685 2805 717 2864; x_wconf 83' lang='lat' dir='ltr'>et</span> <span class='ocrx_word' id='word_1_213' title='bbox 733 2792 927 2874; x_wconf 88' lang='lat' dir='ltr'>humanam,</span> <span class='ocrx_word' id='word_1_214' title='bbox 942 2792 998 2890; x_wconf 88' lang='lat' dir='ltr'>qui</span> <span class='ocrx_word' id='word_1_215' title='bbox 1012 2790 1149 2863; x_wconf 85' lang='lat' dir='ltr'>adorant</span> <span class='ocrx_word' id='word_1_216' title='bbox 1161 2792 1326 2865; x_wconf 92' lang='lat' dir='ltr'>hominem</span> <span class='ocrx_word' id='word_1_217' title='bbox 1343 2820 1380 2865; x_wconf 82' lang='lat' dir='ltr'>ex</span> <span class='ocrx_word' id='word_1_218' title='bbox 1394 2794 1496 2865; x_wconf 90' lang='lat' dir='ltr'>Maria</span> <span class='ocrx_word' id='word_1_219' title='bbox 1516 2821 1551 2866; x_wconf 91' lang='lat' dir='ltr'>ac</span> <span class='ocrx_word' id='word_1_220' title='bbox 1569 2796 1596 2866; x_wconf 92' lang='lat' dir='ltr'>si</span> <span class='ocrx_word' id='word_1_221' title='bbox 1612 2795 1692 2869; x_wconf 85' lang='lat' dir='ltr'>alter</span> <span class='ocrx_word' id='word_1_222' title='bbox 1709 2803 1814 2870; x_wconf 78' lang='lat' dir='ltr'>esset⁷</span> <span class='ocrx_word' id='word_1_223' title='bbox 1829 2825 1847 2868; x_wconf 91' lang='lat' dir='ltr'>a</span> 
     </span>
     <span class='ocr_line' id='line_1_20' title="bbox 278 2912 1847 3015; baseline 0.001 -26"><span class='ocrx_word' id='word_1_224' title='bbox 278 2917 360 2989; x_wconf 85' lang='lat' dir='ltr'>Filio</span> <span class='ocrx_word' id='word_1_225' title='bbox 378 2916 435 2987; x_wconf 92' lang='lat' dir='ltr'>illo</span> <span class='ocrx_word' id='word_1_226' title='bbox 454 2917 511 3015; x_wconf 90' lang='lat' dir='ltr'>qui</span> <span class='ocrx_word' id='word_1_227' title='bbox 530 2928 578 2986; x_wconf 91' lang='lat' dir='ltr'>est</span> <span class='ocrx_word' id='word_1_228' title='bbox 594 2914 681 2986; x_wconf 89' lang='lat' dir='ltr'>Deus</span> <span class='ocrx_word' id='word_1_229' title='bbox 695 2912 734 2984; x_wconf 93' lang='lat' dir='ltr'>de</span> <span class='ocrx_word' id='word_1_230' title='bbox 751 2913 829 2984; x_wconf 92' lang='lat' dir='ltr'>Deo.</span> <span class='ocrx_word' id='word_1_231' title='bbox 849 2912 977 2984; x_wconf 84' lang='lat' dir='ltr'>Scimus</span> <span class='ocrx_word' id='word_1_232' title='bbox 993 2913 1078 2983; x_wconf 91' lang='lat' dir='ltr'>enim</span> <span class='ocrx_word' id='word_1_233' title='bbox 1098 2912 1187 3012; x_wconf 90' lang='lat' dir='ltr'>quod</span> <span class='ocrx_word' id='word_1_234' title='bbox 1206 2913 1263 2985; x_wconf 74' lang='lat' dir='ltr'>oin</span> <span class='ocrx_word' id='word_1_235' title='bbox 1282 2914 1440 3013; x_wconf 88' lang='lat' dir='ltr'>principio</span> <span class='ocrx_word' id='word_1_236' title='bbox 1459 2929 1528 2986; x_wconf 85' lang='lat' dir='ltr'>erat</span> <span class='ocrx_word' id='word_1_237' title='bbox 1543 2916 1699 3000; x_wconf 88' lang='lat' dir='ltr'>Verbum,</span> <span class='ocrx_word' id='word_1_238' title='bbox 1716 2931 1748 2989; x_wconf 92' lang='lat' dir='ltr'>et</span> <span class='ocrx_word' id='word_1_239' title='bbox 1764 2919 1847 2990; x_wconf 89' lang='lat' dir='ltr'>Ver-</span> 
     </span>
    </p>
   </div>
   <div class='ocr_carea' id='block_1_5' title="bbox 276 3033 1847 3620">
    <p class='ocr_par' dir='ltr' id='par_1_9' title="bbox 276 3033 1847 3620">
     <span class='ocr_line' id='line_1_21' title="bbox 278 3033 1847 3139; baseline 0.004 -35"><span class='ocrx_word' id='word_1_240' title='bbox 278 3038 382 3109; x_wconf 67' lang='lat' dir='ltr'>ebum</span> <span class='ocrx_word' id='word_1_241' title='bbox 398 3051 467 3108; x_wconf 88' lang='lat' dir='ltr'>erat</span> <span class='ocrx_word' id='word_1_242' title='bbox 483 3035 571 3136; x_wconf 90' lang='lat' dir='ltr'>apud</span> <span class='ocrx_word' id='word_1_243' title='bbox 584 3036 708 3118; x_wconf 89' lang='lat' dir='ltr'>Deum,</span> <span class='ocrx_word' id='word_1_244' title='bbox 723 3047 754 3106; x_wconf 89' lang='lat' dir='ltr'>et</span> <span class='ocrx_word' id='word_1_245' title='bbox 772 3034 858 3106; x_wconf 91' lang='lat' dir='ltr'>Deus</span> <span class='ocrx_word' id='word_1_246' title='bbox 876 3047 945 3104; x_wconf 87' lang='lat' dir='ltr'>erat</span> <span class='ocrx_word' id='word_1_247' title='bbox 957 3033 1065 3133; x_wconf 90' lang='lat' dir='ltr'>ipsum</span> <span class='ocrx_word' id='word_1_248' title='bbox 1077 3033 1219 3105; x_wconf 90' lang='lat' dir='ltr'>Verbum</span> <span class='ocrx_word' id='word_1_249' title='bbox 1232 3039 1283 3104; x_wconf 69' lang='lat'>⁸.»</span> <span class='ocrx_word' id='word_1_250' title='bbox 1299 3035 1431 3106; x_wconf 81' lang='lat' dir='ltr'>Factum</span> <span class='ocrx_word' id='word_1_251' title='bbox 1448 3051 1496 3107; x_wconf 91' lang='lat' dir='ltr'>est</span> <span class='ocrx_word' id='word_1_252' title='bbox 1512 3062 1585 3108; x_wconf 89' lang='lat' dir='ltr'>vero</span> <span class='ocrx_word' id='word_1_253' title='bbox 1601 3037 1698 3109; x_wconf 93' lang='lat' dir='ltr'>homo</span> <span class='ocrx_word' id='word_1_254' title='bbox 1715 3053 1847 3139; x_wconf 90' lang='lat' dir='ltr'>propter</span> 
     </span>
     <span class='ocr_line' id='line_1_22' title="bbox 278 3155 1847 3260; baseline 0.002 -31"><span class='ocrx_word' id='word_1_255' title='bbox 278 3170 420 3230; x_wconf 89' lang='lat' dir='ltr'>nostram</span> <span class='ocrx_word' id='word_1_256' title='bbox 443 3158 591 3229; x_wconf 85' lang='lat' dir='ltr'>salutem.</span> <span class='ocrx_word' id='word_1_257' title='bbox 613 3155 652 3227; x_wconf 85' lang='lat' dir='ltr'>Et</span> <span class='ocrx_word' id='word_1_258' title='bbox 674 3155 846 3228; x_wconf 82' lang='lat' dir='ltr'>adoramus</span> <span class='ocrx_word' id='word_1_259' title='bbox 867 3181 957 3236; x_wconf 92' lang='lat' dir='ltr'>eum,</span> <span class='ocrx_word' id='word_1_260' title='bbox 978 3180 1043 3225; x_wconf 91' lang='lat' dir='ltr'>non</span> <span class='ocrx_word' id='word_1_261' title='bbox 1062 3168 1217 3256; x_wconf 86' lang='lat' dir='ltr'>tanquam</span> <span class='ocrx_word' id='word_1_262' title='bbox 1237 3156 1395 3255; x_wconf 87' lang='lat' dir='ltr'>aequalem</span> <span class='ocrx_word' id='word_1_263' title='bbox 1410 3155 1512 3258; x_wconf 84' lang='lat' dir='ltr'>(Deo)</span> <span class='ocrx_word' id='word_1_264' title='bbox 1530 3157 1649 3229; x_wconf 86' lang='lat' dir='ltr'>lactum</span> <span class='ocrx_word' id='word_1_265' title='bbox 1672 3159 1705 3231; x_wconf 91' lang='lat' dir='ltr'>in</span> <span class='ocrx_word' id='word_1_266' title='bbox 1729 3161 1847 3260; x_wconf 89' lang='lat' dir='ltr'>aequali</span> 
     </span>
     <span class='ocr_line' id='line_1_23' title="bbox 277 3275 1845 3380; baseline 0.001 -28"><span class='ocrx_word' id='word_1_267' title='bbox 277 3307 427 3380; x_wconf 88' lang='lat' dir='ltr'>corpore,</span> <span class='ocrx_word' id='word_1_268' title='bbox 451 3278 508 3350; x_wconf 92' lang='lat' dir='ltr'>sed</span> <span class='ocrx_word' id='word_1_269' title='bbox 531 3291 685 3378; x_wconf 83' lang='lat' dir='ltr'>tanquam</span> <span class='ocrx_word' id='word_1_270' title='bbox 711 3276 903 3359; x_wconf 90' lang='lat' dir='ltr'>Dominum,</span> <span class='ocrx_word' id='word_1_271' title='bbox 924 3275 981 3374; x_wconf 91' lang='lat' dir='ltr'>qui</span> <span class='ocrx_word' id='word_1_272' title='bbox 1003 3275 1140 3347; x_wconf 88' lang='lat' dir='ltr'>formam</span> <span class='ocrx_word' id='word_1_273' title='bbox 1163 3277 1244 3350; x_wconf 84' lang='lat' dir='ltr'>servi</span> <span class='ocrx_word' id='word_1_274' title='bbox 1267 3277 1414 3377; x_wconf 92' lang='lat' dir='ltr'>sumpsit.</span> <span class='ocrx_word' id='word_1_275' title='bbox 1438 3278 1640 3350; x_wconf 85' lang='lat' dir='ltr'>Confitemur</span> <span class='ocrx_word' id='word_1_276' title='bbox 1664 3280 1845 3380; x_wconf 85' lang='lat' dir='ltr'>passionem</span> 
     </span>
     <span class='ocr_line' id='line_1_24' title="bbox 276 3396 1846 3487; baseline 0 -14"><span class='ocrx_word' id='word_1_277' title='bbox 276 3401 407 3475; x_wconf 87' lang='lat' dir='ltr'>Domini</span> <span class='ocrx_word' id='word_1_278' title='bbox 428 3399 461 3470; x_wconf 91' lang='lat' dir='ltr'>in</span> <span class='ocrx_word' id='word_1_279' title='bbox 485 3425 596 3484; x_wconf 89' lang='lat' dir='ltr'>carne,</span> <span class='ocrx_word' id='word_1_280' title='bbox 617 3397 883 3470; x_wconf 86' lang='lat' dir='ltr'>resurrectionem</span> <span class='ocrx_word' id='word_1_281' title='bbox 903 3397 939 3467; x_wconf 91' lang='lat' dir='ltr'>in</span> <span class='ocrx_word' id='word_1_282' title='bbox 957 3396 1072 3468; x_wconf 88' lang='lat' dir='ltr'>virtute</span> <span class='ocrx_word' id='word_1_283' title='bbox 1093 3424 1158 3468; x_wconf 83' lang='lat' dir='ltr'>suae</span> <span class='ocrx_word' id='word_1_284' title='bbox 1179 3397 1368 3482; x_wconf 87' lang='lat' dir='ltr'>divinitatis,</span> <span class='ocrx_word' id='word_1_285' title='bbox 1388 3398 1607 3472; x_wconf 87' lang='lat' dir='ltr'>escensionem</span> <span class='ocrx_word' id='word_1_286' title='bbox 1629 3401 1664 3472; x_wconf 92' lang='lat' dir='ltr'>in</span> <span class='ocrx_word' id='word_1_287' title='bbox 1683 3401 1793 3487; x_wconf 85' lang='lat' dir='ltr'>coelos,</span> <span class='ocrx_word' id='word_1_288' title='bbox 1815 3417 1846 3476; x_wconf 90' lang='lat' dir='ltr'>et</span> 
     </span>
     <span class='ocr_line' id='line_1_25' title="bbox 276 3517 1846 3620; baseline 0.003 -27"><span class='ocrx_word' id='word_1_289' title='bbox 276 3522 450 3594; x_wconf 88' lang='lat' dir='ltr'>adventum</span> <span class='ocrx_word' id='word_1_290' title='bbox 470 3521 539 3620; x_wconf 88' lang='lat' dir='ltr'>ejus</span> <span class='ocrx_word' id='word_1_291' title='bbox 558 3520 750 3618; x_wconf 84' lang='lat' dir='ltr'>gloriosum;</span> <span class='ocrx_word' id='word_1_292' title='bbox 765 3518 823 3618; x_wconf 85' lang='lat' dir='ltr'>qui</span> <span class='ocrx_word' id='word_1_293' title='bbox 840 3532 994 3590; x_wconf 89' lang='lat' dir='ltr'>venturus</span> <span class='ocrx_word' id='word_1_294' title='bbox 1012 3531 1059 3588; x_wconf 87' lang='lat' dir='ltr'>est</span> <span class='ocrx_word' id='word_1_295' title='bbox 1076 3518 1116 3590; x_wconf 88' lang='lat' dir='ltr'>ad</span> <span class='ocrx_word' id='word_1_296' title='bbox 1131 3517 1291 3616; x_wconf 82' lang='lat' dir='ltr'>judicium</span> <span class='ocrx_word' id='word_1_297' title='bbox 1307 3519 1450 3592; x_wconf 86' lang='lat' dir='ltr'>vivorum</span> <span class='ocrx_word' id='word_1_298' title='bbox 1472 3533 1503 3594; x_wconf 93' lang='lat' dir='ltr'>et</span> <span class='ocrx_word' id='word_1_299' title='bbox 1519 3535 1738 3608; x_wconf 89' lang='lat' dir='ltr'>mortuorum,</span> <span class='ocrx_word' id='word_1_300' title='bbox 1757 3535 1788 3597; x_wconf 91' lang='lat' dir='ltr'>et</span> <span class='ocrx_word' id='word_1_301' title='bbox 1803 3525 1846 3597; x_wconf 93' lang='lat' dir='ltr'>ad</span> 
     </span>
    </p>
   </div>
   <div class='ocr_carea' id='block_1_6' title="bbox 276 3643 752 3714">
    <p class='ocr_par' dir='ltr' id='par_1_10' title="bbox 276 3643 752 3714">
     <span class='ocr_line' id='line_1_26' title="bbox 276 3643 752 3714; baseline -0.008 0"><span class='ocrx_word' id='word_1_302' title='bbox 276 3643 373 3714; x_wconf 85' lang='lat' dir='ltr'>vitam</span> <span class='ocrx_word' id='word_1_303' title='bbox 389 3656 542 3714; x_wconf 75' lang='lat' dir='ltr'>eternam</span> <span class='ocrx_word' id='word_1_304' title='bbox 556 3655 752 3714; x_wconf 90' lang='lat' dir='ltr'>sanctorum.</span> 
     </span>
    </p>
   </div>
   <div class='ocr_carea' id='block_1_7' title="bbox 271 3825 1845 4899">
    <p class='ocr_par' dir='ltr' id='par_1_11' title="bbox 271 3825 1845 4899">
     <span class='ocr_line' id='line_1_27' title="bbox 327 3825 1841 3928; baseline 0.003 -29"><span class='ocrx_word' id='word_1_305' title='bbox 327 3828 390 3900; x_wconf 92' lang='lat' dir='ltr'>llV.</span> <span class='ocrx_word' id='word_1_306' title='bbox 420 3830 459 3900; x_wconf 85' lang='lat' dir='ltr'>Et</span> <span class='ocrx_word' id='word_1_307' title='bbox 484 3828 560 3928; x_wconf 86' lang='lat' dir='ltr'>quia</span> <span class='ocrx_word' id='word_1_308' title='bbox 584 3826 734 3898; x_wconf 91' lang='lat' dir='ltr'>nonnulli</span> <span class='ocrx_word' id='word_1_309' title='bbox 758 3853 816 3897; x_wconf 92' lang='lat' dir='ltr'>nos</span> <span class='ocrx_word' id='word_1_310' title='bbox 841 3825 925 3898; x_wconf 85' lang='lat' dir='ltr'>male</span> <span class='ocrx_word' id='word_1_311' title='bbox 950 3839 1128 3899; x_wconf 86' lang='lat' dir='ltr'>tractarunt</span> <span class='ocrx_word' id='word_1_312' title='bbox 1138 3829 1162 3911; x_wconf 81' lang='lat'>⁰,</span> <span class='ocrx_word' id='word_1_313' title='bbox 1186 3826 1324 3900; x_wconf 87' lang='lat' dir='ltr'>nitentes</span> <span class='ocrx_word' id='word_1_314' title='bbox 1347 3842 1488 3901; x_wconf 90' lang='lat' dir='ltr'>evertere</span> <span class='ocrx_word' id='word_1_315' title='bbox 1514 3829 1612 3902; x_wconf 89' lang='lat' dir='ltr'>fidem</span> <span class='ocrx_word' id='word_1_316' title='bbox 1628 3844 1781 3904; x_wconf 87' lang='lat' dir='ltr'>nostram</span> <span class='ocrx_word' id='word_1_317' title='bbox 1808 3832 1841 3903; x_wconf 91' lang='lat' dir='ltr'>in</span> 
     </span>
     <span class='ocr_line' id='line_1_28' title="bbox 276 3947 1842 4036; baseline 0.003 -16"><span class='ocrx_word' id='word_1_318' title='bbox 276 3948 452 4020; x_wconf 90' lang='lat' dir='ltr'>Dominum</span> <span class='ocrx_word' id='word_1_319' title='bbox 477 3962 623 4021; x_wconf 90' lang='lat' dir='ltr'>nostrum</span> <span class='ocrx_word' id='word_1_320' title='bbox 638 3948 750 4020; x_wconf 86' lang='lat' dir='ltr'>lesum</span> <span class='ocrx_word' id='word_1_321' title='bbox 765 3947 943 4030; x_wconf 87' lang='lat' dir='ltr'>Christum,</span> <span class='ocrx_word' id='word_1_322' title='bbox 962 3973 1029 4018; x_wconf 91' lang='lat' dir='ltr'>non</span> <span class='ocrx_word' id='word_1_323' title='bbox 1049 3948 1237 4019; x_wconf 85' lang='lat' dir='ltr'>confitentes</span> <span class='ocrx_word' id='word_1_324' title='bbox 1256 3975 1330 4019; x_wconf 90' lang='lat' dir='ltr'>eum</span> <span class='ocrx_word' id='word_1_325' title='bbox 1349 3975 1417 4021; x_wconf 88' lang='lat' dir='ltr'>esse</span> <span class='ocrx_word' id='word_1_326' title='bbox 1431 3950 1535 4022; x_wconf 89' lang='lat' dir='ltr'>Deum</span> <span class='ocrx_word' id='word_1_327' title='bbox 1551 3952 1771 4036; x_wconf 87' lang='lat' dir='ltr'>incarnatum,</span> <span class='ocrx_word' id='word_1_328' title='bbox 1786 3955 1842 4026; x_wconf 89' lang='lat' dir='ltr'>sed</span> 
     </span>
     <span class='ocr_line' id='line_1_29' title="bbox 275 4067 1845 4172; baseline 0.003 -32"><span class='ocrx_word' id='word_1_329' title='bbox 275 4069 441 4141; x_wconf 90' lang='lat' dir='ltr'>hominem</span> <span class='ocrx_word' id='word_1_330' title='bbox 457 4070 524 4142; x_wconf 90' lang='lat' dir='ltr'>Deo</span> <span class='ocrx_word' id='word_1_331' title='bbox 543 4069 745 4169; x_wconf 66' lang='lat' dir='ltr'>copulatum</span> <span class='ocrx_word' id='word_1_332' title='bbox 762 4067 881 4140; x_wconf 88' lang='lat' dir='ltr'>idcirco</span> <span class='ocrx_word' id='word_1_333' title='bbox 897 4067 1131 4140; x_wconf 86' lang='lat' dir='ltr'>consessionem</span> <span class='ocrx_word' id='word_1_334' title='bbox 1150 4067 1277 4140; x_wconf 90' lang='lat' dir='ltr'>edimus</span> <span class='ocrx_word' id='word_1_335' title='bbox 1292 4069 1332 4140; x_wconf 91' lang='lat' dir='ltr'>de</span> <span class='ocrx_word' id='word_1_336' title='bbox 1351 4068 1431 4154; x_wconf 86' lang='lat' dir='ltr'>lide,</span> <span class='ocrx_word' id='word_1_337' title='bbox 1448 4098 1548 4170; x_wconf 85' lang='lat' dir='ltr'>quam</span> <span class='ocrx_word' id='word_1_338' title='bbox 1564 4072 1775 4172; x_wconf 89' lang='lat' dir='ltr'>protulimus,</span> <span class='ocrx_word' id='word_1_339' title='bbox 1789 4099 1845 4145; x_wconf 91' lang='lat' dir='ltr'>re-</span> 
     </span>
     <span class='ocr_line' id='line_1_30' title="bbox 271 4189 1844 4294; baseline 0.001 -31"><span class='ocrx_word' id='word_1_340' title='bbox 271 4191 419 4289; x_wconf 88' lang='lat' dir='ltr'>jicientes</span> <span class='ocrx_word' id='word_1_341' title='bbox 437 4190 724 4263; x_wconf 88' lang='lat' dir='ltr'>contradictionem</span> <span class='ocrx_word' id='word_1_342' title='bbox 737 4189 827 4262; x_wconf 90' lang='lat' dir='ltr'>illam</span> <span class='ocrx_word' id='word_1_343' title='bbox 840 4215 907 4261; x_wconf 92' lang='lat' dir='ltr'>non</span> <span class='ocrx_word' id='word_1_344' title='bbox 923 4189 1134 4260; x_wconf 88' lang='lat' dir='ltr'>credentium.</span> <span class='ocrx_word' id='word_1_345' title='bbox 1145 4189 1232 4260; x_wconf 91' lang='lat' dir='ltr'>Deus</span> <span class='ocrx_word' id='word_1_346' title='bbox 1250 4189 1336 4262; x_wconf 90' lang='lat' dir='ltr'>enim</span> <span class='ocrx_word' id='word_1_347' title='bbox 1352 4191 1495 4264; x_wconf 88' lang='lat' dir='ltr'>humana</span> <span class='ocrx_word' id='word_1_348' title='bbox 1512 4219 1607 4266; x_wconf 91' lang='lat' dir='ltr'>carne</span> <span class='ocrx_word' id='word_1_349' title='bbox 1624 4191 1758 4267; x_wconf 93' lang='lat' dir='ltr'>indutus</span> <span class='ocrx_word' id='word_1_350' title='bbox 1777 4221 1844 4294; x_wconf 92' lang='lat' dir='ltr'>pu·</span> 
     </span>
     <span class='ocr_line' id='line_1_31' title="bbox 274 4309 1844 4411; baseline 0.001 -27"><span class='ocrx_word' id='word_1_351' title='bbox 274 4339 345 4386; x_wconf 84' lang='lat' dir='ltr'>ram</span> <span class='ocrx_word' id='word_1_352' title='bbox 362 4311 461 4385; x_wconf 89' lang='lat' dir='ltr'>habet</span> <span class='ocrx_word' id='word_1_353' title='bbox 475 4312 695 4411; x_wconf 89' lang='lat' dir='ltr'>operationem</span> <span class='ocrx_word' id='word_1_354' title='bbox 710 4338 819 4393; x_wconf 90' lang='lat' dir='ltr'>suam,</span> <span class='ocrx_word' id='word_1_355' title='bbox 836 4337 909 4382; x_wconf 91' lang='lat' dir='ltr'>cum</span> <span class='ocrx_word' id='word_1_356' title='bbox 928 4309 969 4381; x_wconf 88' lang='lat' dir='ltr'>sit</span> <span class='ocrx_word' id='word_1_357' title='bbox 985 4309 1200 4406; x_wconf 79' lang='lat' dir='ltr'>intelligentia</span> <span class='ocrx_word' id='word_1_358' title='bbox 1216 4310 1420 4411; x_wconf 85' lang='lat' dir='ltr'>passionibus</span> <span class='ocrx_word' id='word_1_359' title='bbox 1440 4314 1543 4384; x_wconf 87' lang='lat' dir='ltr'>carnis</span> <span class='ocrx_word' id='word_1_360' title='bbox 1563 4328 1595 4385; x_wconf 88' lang='lat' dir='ltr'>et</span> <span class='ocrx_word' id='word_1_361' title='bbox 1611 4315 1726 4386; x_wconf 73' lang='lat' dir='ltr'>animm</span> <span class='ocrx_word' id='word_1_362' title='bbox 1737 4317 1764 4360; x_wconf 85' lang='lat'>¹⁰</span> <span class='ocrx_word' id='word_1_363' title='bbox 1780 4315 1844 4386; x_wconf 88' lang='lat' dir='ltr'>im-</span> 
     </span>
     <span class='ocr_line' id='line_1_32' title="bbox 274 4428 1842 4534; baseline 0 -28"><span class='ocrx_word' id='word_1_364' title='bbox 274 4434 399 4534; x_wconf 85' lang='lat' dir='ltr'>pervia,</span> <span class='ocrx_word' id='word_1_365' title='bbox 414 4444 446 4505; x_wconf 85' lang='lat' dir='ltr'>et</span> <span class='ocrx_word' id='word_1_366' title='bbox 462 4459 592 4506; x_wconf 88' lang='lat' dir='ltr'>carnem</span> <span class='ocrx_word' id='word_1_367' title='bbox 609 4459 645 4505; x_wconf 88' lang='lat' dir='ltr'>ac</span> <span class='ocrx_word' id='word_1_368' title='bbox 662 4431 805 4503; x_wconf 90' lang='lat' dir='ltr'>carnales</span> <span class='ocrx_word' id='word_1_369' title='bbox 826 4444 933 4503; x_wconf 89' lang='lat' dir='ltr'>motus</span> <span class='ocrx_word' id='word_1_370' title='bbox 952 4428 1059 4502; x_wconf 87' lang='lat' dir='ltr'>divine</span> <span class='ocrx_word' id='word_1_371' title='bbox 1074 4431 1144 4502; x_wconf 91' lang='lat' dir='ltr'>sine</span> <span class='ocrx_word' id='word_1_372' title='bbox 1168 4443 1297 4530; x_wconf 85' lang='lat' dir='ltr'>peccato</span> <span class='ocrx_word' id='word_1_373' title='bbox 1317 4432 1512 4505; x_wconf 91' lang='lat' dir='ltr'>moderetur.</span> <span class='ocrx_word' id='word_1_374' title='bbox 1530 4432 1594 4515; x_wconf 84' lang='lat' dir='ltr'>Qui</span> <span class='ocrx_word' id='word_1_375' title='bbox 1612 4459 1678 4505; x_wconf 91' lang='lat' dir='ltr'>non</span> <span class='ocrx_word' id='word_1_376' title='bbox 1701 4435 1805 4506; x_wconf 87' lang='lat' dir='ltr'>solum</span> <span class='ocrx_word' id='word_1_377' title='bbox 1824 4464 1842 4506; x_wconf 90' lang='lat' dir='ltr'>a</span> 
     </span>
     <span class='ocr_line' id='line_1_33' title="bbox 274 4551 1843 4654; baseline 0.001 -28"><span class='ocrx_word' id='word_1_378' title='bbox 274 4570 378 4628; x_wconf 88' lang='lat' dir='ltr'>morte</span> <span class='ocrx_word' id='word_1_379' title='bbox 401 4553 504 4627; x_wconf 90' lang='lat' dir='ltr'>teneri</span> <span class='ocrx_word' id='word_1_380' title='bbox 528 4580 595 4628; x_wconf 89' lang='lat' dir='ltr'>non</span> <span class='ocrx_word' id='word_1_381' title='bbox 614 4553 735 4652; x_wconf 87' lang='lat' dir='ltr'>potuit,</span> <span class='ocrx_word' id='word_1_382' title='bbox 753 4551 921 4625; x_wconf 84' lang='lat' dir='ltr'>sedetiam</span> <span class='ocrx_word' id='word_1_383' title='bbox 941 4564 1080 4624; x_wconf 89' lang='lat' dir='ltr'>mortem</span> <span class='ocrx_word' id='word_1_384' title='bbox 1102 4551 1209 4633; x_wconf 76' lang='lat' dir='ltr'>solvit3</span> <span class='ocrx_word' id='word_1_385' title='bbox 1230 4565 1262 4623; x_wconf 93' lang='lat' dir='ltr'>et</span> <span class='ocrx_word' id='word_1_386' title='bbox 1279 4564 1326 4625; x_wconf 91' lang='lat' dir='ltr'>est</span> <span class='ocrx_word' id='word_1_387' title='bbox 1347 4553 1433 4626; x_wconf 92' lang='lat' dir='ltr'>Deus</span> <span class='ocrx_word' id='word_1_388' title='bbox 1450 4581 1559 4638; x_wconf 88' lang='lat' dir='ltr'>verus,</span> <span class='ocrx_word' id='word_1_389' title='bbox 1575 4556 1649 4654; x_wconf 88' lang='lat' dir='ltr'>qui,</span> <span class='ocrx_word' id='word_1_390' title='bbox 1665 4556 1771 4628; x_wconf 87' lang='lat' dir='ltr'>carnis</span> <span class='ocrx_word' id='word_1_391' title='bbox 1788 4581 1843 4628; x_wconf 87' lang='lat' dir='ltr'>ex-</span> 
     </span>
     <span class='ocr_line' id='line_1_34' title="bbox 274 4672 1840 4776; baseline 0.001 -29"><span class='ocrx_word' id='word_1_392' title='bbox 274 4702 363 4776; x_wconf 90' lang='lat' dir='ltr'>pers,</span> <span class='ocrx_word' id='word_1_393' title='bbox 376 4677 408 4747; x_wconf 90' lang='lat' dir='ltr'>in</span> <span class='ocrx_word' id='word_1_394' title='bbox 425 4701 520 4747; x_wconf 89' lang='lat' dir='ltr'>carne</span> <span class='ocrx_word' id='word_1_395' title='bbox 537 4674 759 4745; x_wconf 79' lang='lat' dir='ltr'>manifestatus</span> <span class='ocrx_word' id='word_1_396' title='bbox 775 4685 836 4756; x_wconf 90' lang='lat' dir='ltr'>est,</span> <span class='ocrx_word' id='word_1_397' title='bbox 852 4672 1012 4772; x_wconf 86' lang='lat' dir='ltr'>perlectus</span> <span class='ocrx_word' id='word_1_398' title='bbox 1024 4699 1097 4744; x_wconf 91' lang='lat' dir='ltr'>vera</span> <span class='ocrx_word' id='word_1_399' title='bbox 1113 4686 1145 4744; x_wconf 92' lang='lat' dir='ltr'>et</span> <span class='ocrx_word' id='word_1_400' title='bbox 1160 4672 1267 4744; x_wconf 88' lang='lat' dir='ltr'>divina</span> <span class='ocrx_word' id='word_1_401' title='bbox 1281 4673 1488 4772; x_wconf 78' lang='lat' dir='ltr'>perfectione.</span> <span class='ocrx_word' id='word_1_402' title='bbox 1505 4675 1575 4746; x_wconf 93' lang='lat' dir='ltr'>Non</span> <span class='ocrx_word' id='word_1_403' title='bbox 1590 4675 1664 4749; x_wconf 79' lang='lat' dir='ltr'>dure</span> <span class='ocrx_word' id='word_1_404' title='bbox 1679 4703 1840 4776; x_wconf 84' lang='lat' dir='ltr'>personae,</span> 
     </span>
     <span class='ocr_line' id='line_1_35' title="bbox 276 4793 1841 4899; baseline 0.004 -35"><span class='ocrx_word' id='word_1_405' title='bbox 276 4823 407 4897; x_wconf 71' lang='lat' dir='ltr'>cneque</span> <span class='ocrx_word' id='word_1_406' title='bbox 432 4797 505 4868; x_wconf 90' lang='lat' dir='ltr'>duae</span> <span class='ocrx_word' id='word_1_407' title='bbox 530 4798 733 4876; x_wconf 75' lang='lat' dir='ltr'>naturae¹¹3o</span> <span class='ocrx_word' id='word_1_408' title='bbox 759 4820 825 4865; x_wconf 94' lang='lat' dir='ltr'>non</span> <span class='ocrx_word' id='word_1_409' title='bbox 853 4793 940 4865; x_wconf 92' lang='lat' dir='ltr'>enim</span> <span class='ocrx_word' id='word_1_410' title='bbox 962 4807 1102 4892; x_wconf 90' lang='lat' dir='ltr'>quatuor</span> <span class='ocrx_word' id='word_1_411' title='bbox 1122 4794 1250 4865; x_wconf 85' lang='lat' dir='ltr'>adorari</span> <span class='ocrx_word' id='word_1_412' title='bbox 1275 4793 1427 4880; x_wconf 88' lang='lat' dir='ltr'>dicimus,</span> <span class='ocrx_word' id='word_1_413' title='bbox 1446 4794 1532 4899; x_wconf 84' lang='grc'>(90)</span> <span class='ocrx_word' id='word_1_414' title='bbox 1550 4797 1653 4870; x_wconf 92' lang='lat' dir='ltr'>Deum</span> <span class='ocrx_word' id='word_1_415' title='bbox 1672 4813 1703 4871; x_wconf 92' lang='lat' dir='ltr'>et</span> <span class='ocrx_word' id='word_1_416' title='bbox 1724 4799 1841 4872; x_wconf 86' lang='lat' dir='ltr'>Filium</span> 
     </span>
    </p>
   </div>
   <div class='ocr_carea' id='block_1_8' title="bbox 274 5023 1842 5383">
    <p class='ocr_par' dir='ltr' id='par_1_12' title="bbox 274 5023 1842 5383">
     <span class='ocr_line' id='line_1_36' title="bbox 313 5023 1842 5096; baseline 0.001 -13"><span class='ocrx_word' id='word_1_417' title='bbox 313 5033 319 5061; x_wconf 91' lang='lat'>¹</span> <span class='ocrx_word' id='word_1_418' title='bbox 341 5029 383 5086; x_wconf 81' lang='lat' dir='ltr'>Gr.</span> <span class='ocrx_word' id='word_1_419' title='bbox 397 5027 499 5080; x_wconf 72' lang='lat' dir='ltr'>codrus.</span> <span class='ocrx_word' id='word_1_420' title='bbox 509 5030 568 5068; x_wconf 81' lang='lat'>—²</span> <span class='ocrx_word' id='word_1_421' title='bbox 588 5027 630 5082; x_wconf 89' lang='lat' dir='ltr'>Gr.</span> <span class='ocrx_word' id='word_1_422' title='bbox 644 5026 724 5081; x_wconf 90' lang='lat' dir='ltr'>omitt.</span> <span class='ocrx_word' id='word_1_423' title='bbox 736 5043 801 5078; x_wconf 76' lang='lat' dir='ltr'>unus</span> <span class='ocrx_word' id='word_1_424' title='bbox 812 5037 848 5081; x_wconf 78' lang='lat' dir='ltr'>eat</span> <span class='ocrx_word' id='word_1_425' title='bbox 862 5023 928 5079; x_wconf 74' lang='lat' dir='ltr'>Deus</span> <span class='ocrx_word' id='word_1_426' title='bbox 941 5023 1020 5078; x_wconf 81' lang='lat' dir='ltr'>Pater.</span> <span class='ocrx_word' id='word_1_427' title='bbox 1096 5024 1310 5096; x_wconf 66' lang='grc' dir='ltr'>παρηνόχλησαν.</span> <span class='ocrx_word' id='word_1_428' title='bbox 1322 5056 1361 5066; x_wconf 90' lang='lat'>-</span> <span class='ocrx_word' id='word_1_429' title='bbox 1372 5027 1390 5060; x_wconf 83' lang='lat'>¹⁰</span> <span class='ocrx_word' id='word_1_430' title='bbox 1410 5026 1453 5079; x_wconf 88' lang='lat' dir='ltr'>Gr.</span> <span class='ocrx_word' id='word_1_431' title='bbox 1465 5027 1550 5082; x_wconf 65' lang='lat' dir='ltr'>eam</span> <span class='ocrx_word' id='word_1_432' title='bbox 1558 5040 1580 5082; x_wconf 81' lang='lat' dir='ltr'>rt</span> <span class='ocrx_word' id='word_1_433' title='bbox 1589 5031 1677 5084; x_wconf 78' lang='lat' dir='ltr'>cornis.</span> <span class='ocrx_word' id='word_1_434' title='bbox 1689 5061 1726 5071; x_wconf 90' lang='lat'>—</span> <span class='ocrx_word' id='word_1_435' title='bbox 1734 5033 1751 5064; x_wconf 81' lang='lat'>¹¹</span> <span class='ocrx_word' id='word_1_436' title='bbox 1770 5030 1842 5086; x_wconf 81' lang='lat' dir='ltr'>lianc</span> 
     </span>
     <span class='ocr_line' id='line_1_37' title="bbox 275 5117 1841 5197; baseline 0.015 -43"><span class='ocrx_word' id='word_1_437' title='bbox 275 5125 331 5164; x_wconf 55' lang='lat' dir='ltr'>„s</span> <span class='ocrx_word' id='word_1_438' title='bbox 348 5121 432 5176; x_wconf 58' lang='lat' dir='ltr'>pm,</span> <span class='ocrx_word' id='word_1_439' title='bbox 448 5140 481 5184; x_wconf 54' lang='lat' dir='ltr'>n,</span> <span class='ocrx_word' id='word_1_440' title='bbox 498 5120 541 5176; x_wconf 65' lang='lat'>211,</span> <span class='ocrx_word' id='word_1_441' title='bbox 554 5153 591 5162; x_wconf 88' lang='lat'><em>-</em></span> <span class='ocrx_word' id='word_1_442' title='bbox 610 5121 620 5154; x_wconf 76' lang='lat'>⁸</span> <span class='ocrx_word' id='word_1_443' title='bbox 639 5121 693 5192; x_wconf 78' lang='lat' dir='ltr'>Syr.</span> <span class='ocrx_word' id='word_1_444' title='bbox 709 5119 788 5172; x_wconf 83' lang='lat' dir='ltr'>omitt</span> <span class='ocrx_word' id='word_1_445' title='bbox 802 5118 879 5172; x_wconf 77' lang='grc' dir='ltr'>Θιόν.</span> <span class='ocrx_word' id='word_1_446' title='bbox 894 5149 931 5158; x_wconf 95' lang='grc'><strong>-</strong></span> <span class='ocrx_word' id='word_1_447' title='bbox 948 5121 956 5149; x_wconf 81' lang='lat'>⁵</span> <span class='ocrx_word' id='word_1_448' title='bbox 977 5117 1019 5171; x_wconf 88' lang='lat' dir='ltr'>Gr.</span> <span class='ocrx_word' id='word_1_449' title='bbox 1095 5118 1173 5172; x_wconf 83' lang='lat' dir='ltr'>saneti</span> <span class='ocrx_word' id='word_1_450' title='bbox 1183 5117 1296 5192; x_wconf 69' lang='lat' dir='ltr'>Gregorii</span> <span class='ocrx_word' id='word_1_451' title='bbox 1309 5117 1389 5172; x_wconf 88' lang='lat' dir='ltr'>locum</span> <span class='ocrx_word' id='word_1_452' title='bbox 1396 5125 1543 5193; x_wconf 75' lang='lat' dir='ltr'>coemptum</span> <span class='ocrx_word' id='word_1_453' title='bbox 1553 5121 1650 5176; x_wconf 80' lang='lat' dir='ltr'>tuissea</span> <span class='ocrx_word' id='word_1_454' title='bbox 1665 5121 1841 5197; x_wconf 58' lang='lat' dir='ltr'>monophysitas</span> 
     </span>
     <span class='ocr_line' id='line_1_38' title="bbox 275 5209 1841 5291; baseline 0.001 -21"><span class='ocrx_word' id='word_1_455' title='bbox 275 5218 343 5270; x_wconf 80' lang='grc' dir='ltr'>Θωῦ</span> <span class='ocrx_word' id='word_1_456' title='bbox 356 5215 409 5270; x_wconf 86' lang='lat' dir='ltr'>loco</span> <span class='ocrx_word' id='word_1_457' title='bbox 426 5213 515 5268; x_wconf 78' lang='lat' dir='ltr'>Patria.</span> <span class='ocrx_word' id='word_1_458' title='bbox 529 5217 585 5253; x_wconf 83' lang='lat'>—‘</span> <span class='ocrx_word' id='word_1_459' title='bbox 606 5212 649 5268; x_wconf 88' lang='lat' dir='ltr'>Gr.</span> <span class='ocrx_word' id='word_1_460' title='bbox 667 5215 697 5265; x_wconf 72' lang='lat' dir='ltr'>tx</span> <span class='ocrx_word' id='word_1_461' title='bbox 715 5213 811 5285; x_wconf 71' lang='grc' dir='ltr'><strong><em>Μαρίας</em></strong></span> <span class='ocrx_word' id='word_1_462' title='bbox 823 5209 962 5285; x_wconf 64' lang='grc' dir='ltr'>παρθένου.</span> <span class='ocrx_word' id='word_1_463' title='bbox 982 5243 1019 5252; x_wconf 94' lang='grc'><strong>-</strong></span> <span class='ocrx_word' id='word_1_464' title='bbox 1096 5230 1145 5266; x_wconf 85' lang='lat' dir='ltr'>non</span> <span class='ocrx_word' id='word_1_465' title='bbox 1159 5231 1223 5266; x_wconf 86' lang='lat' dir='ltr'>unm</span> <span class='ocrx_word' id='word_1_466' title='bbox 1233 5211 1335 5264; x_wconf 81' lang='lat' dir='ltr'>Petrum</span> <span class='ocrx_word' id='word_1_467' title='bbox 1348 5219 1449 5285; x_wconf 84' lang='lat' dir='ltr'>questus</span> <span class='ocrx_word' id='word_1_468' title='bbox 1464 5220 1508 5268; x_wconf 83' lang='lat' dir='ltr'>est.</span> <span class='ocrx_word' id='word_1_469' title='bbox 1522 5214 1574 5269; x_wconf 91' lang='lat' dir='ltr'>lmo</span> <span class='ocrx_word' id='word_1_470' title='bbox 1587 5223 1682 5270; x_wconf 78' lang='lat' dir='ltr'>exstant</span> <span class='ocrx_word' id='word_1_471' title='bbox 1694 5217 1737 5291; x_wconf 90' lang='lat' dir='ltr'>qui</span> <span class='ocrx_word' id='word_1_472' title='bbox 1751 5217 1792 5272; x_wconf 84' lang='lat' dir='ltr'>hio</span> <span class='ocrx_word' id='word_1_473' title='bbox 1805 5219 1841 5272; x_wconf 82' lang='lat' dir='ltr'>le-</span> 
     </span>
     <span class='ocr_line' id='line_1_39' title="bbox 274 5305 1842 5383; baseline 0.008 -30"><span class='ocrx_word' id='word_1_474' title='bbox 274 5311 283 5340; x_wconf 85' lang='lat'>⁷</span> <span class='ocrx_word' id='word_1_475' title='bbox 304 5308 434 5362; x_wconf 57' lang='lat' dir='ltr'>Gnomitt.</span> <span class='ocrx_word' id='word_1_476' title='bbox 447 5306 506 5360; x_wconf 76' lang='lat' dir='ltr'>Filio</span> <span class='ocrx_word' id='word_1_477' title='bbox 516 5307 556 5359; x_wconf 80' lang='lat' dir='ltr'>on</span> <span class='ocrx_word' id='word_1_478' title='bbox 566 5308 657 5379; x_wconf 73' lang='lat' dir='ltr'>quiere.</span> <span class='ocrx_word' id='word_1_479' title='bbox 667 5338 703 5344; x_wconf 87' lang='lat'><em>-</em></span> <span class='ocrx_word' id='word_1_480' title='bbox 716 5308 725 5338; x_wconf 82' lang='lat'><strong>¹</strong></span> <span class='ocrx_word' id='word_1_481' title='bbox 743 5305 826 5358; x_wconf 74' lang='lat' dir='ltr'>locrio.</span> <span class='ocrx_word' id='word_1_482' title='bbox 839 5323 861 5370; x_wconf 88' lang='lat'>1,</span> <span class='ocrx_word' id='word_1_483' title='bbox 874 5309 956 5358; x_wconf 77' lang='lat'>1.-&#39;</span> <span class='ocrx_word' id='word_1_484' title='bbox 976 5305 1019 5360; x_wconf 89' lang='lat' dir='ltr'>Gr.</span> <span class='ocrx_word' id='word_1_485' title='bbox 1094 5305 1171 5378; x_wconf 72' lang='lat' dir='ltr'>pisse,</span> <span class='ocrx_word' id='word_1_486' title='bbox 1184 5305 1210 5358; x_wconf 87' lang='lat' dir='ltr'>in</span> <span class='ocrx_word' id='word_1_487' title='bbox 1225 5305 1380 5378; x_wconf 77' lang='lat' dir='ltr'>exemplariis</span> <span class='ocrx_word' id='word_1_488' title='bbox 1390 5307 1453 5370; x_wconf 82' lang='lat' dir='ltr'>suis,</span> <span class='ocrx_word' id='word_1_489' title='bbox 1468 5315 1591 5370; x_wconf 69' lang='lat' dir='ltr'>omnent,</span> <span class='ocrx_word' id='word_1_490' title='bbox 1608 5327 1658 5364; x_wconf 90' lang='lat' dir='ltr'>non</span> <span class='ocrx_word' id='word_1_491' title='bbox 1675 5310 1794 5383; x_wconf 84' lang='lat' dir='ltr'>quidem:</span> <span class='ocrx_word' id='word_1_492' title='bbox 1812 5315 1842 5366; x_wconf 75' lang='lat' dir='ltr'>orl</span> 
     </span>
    </p>
   </div>
   <div class='ocr_carea' id='block_1_9' title="bbox 0 0 2008 6098">
    <p class='ocr_par' dir='ltr' id='par_1_13' title="bbox 0 0 2008 6098">
     <span class='ocr_line' id='line_1_40' title="bbox 0 0 2008 6098; baseline 0 3"><span class='ocrx_word' id='word_1_493' title='bbox 0 0 2008 6098; x_wconf 95' lang='lat' dir='ltr'> </span> 
     </span>
    </p>
   </div>
  </div>
 </body>
</html>
