3990 6092
683 575 885 644 SANCTUS
915 575 1216 644 HlPPOLY'lUS.
1317 625 1319 630 ,
1669 576 1734 642 317

202 726 254 797 ’6.
285 726 334 798 «Α
352 725 534 798 sanctuario
550 752 621 796 meo
639 727 813 825 incipite„
831 727 865 799 id
884 740 947 811 est,
964 755 982 798 a
998 725 1218 799 sacerdotibus
1235 725 1291 824 qui
1305 723 1500 800 dedecorant
1519 725 1736 796 sanctuarium

168 861 198 919 et
215 847 255 920 ab
273 846 410 946 illisqui
430 848 513 918 inter
532 846 724 919 vestibulum
746 862 778 920 et
796 848 896 920 altare
913 848 1014 920 solem
1033 849 1179 921 adorant.

932 1116 980 1187 1v

791 1306 919 1369 VERBA
945 1305 1122 1369 SELECTA

258 1449 278 1505 E
301 1448 408 1505 LIBRO
428 1447 765 1505 corruunranronolr
787 1449 913 1504 SANCTl
934 1449 1132 1504 HIPPOLYTI
1154 1449 1189 1503 IN
1211 1447 1394 1503 DANlELEhl
1415 1448 1647 1514 proruerent,

413 1559 510 1625 lQUAE
532 1557 660 1617 VERBA]
681 1559 772 1616 SUNT
793 1560 944 1615 SCRIPTA
966 1560 1112 1616 TANTUM
1134 1559 1327 1616 SECUNDUM
1348 1559 1496 1615 SENSUM.

226 1727 248 1798 1.
280 1728 362 1799 llicit
385 1728 443 1800 iste
468 1727 580 1800 doctor
604 1727 645 1799 de
675 1726 988 1800 Nabuchodonosore
1015 1725 1312 1828 (Nebucadnetzar)
1341 1755 1415 1799 eum
1448 1755 1598 1825 regnasse
1628 1728 1740 1827 viginti

171 1849 320 1948 quinque
341 1848 456 1919 annis:
474 1848 651 1920 octodecim
675 1847 824 1947 quidem,
845 1861 1019 1947 antequam
1043 1849 1205 1920 somnium
1223 1847 1345 1919 videret
1368 1848 1408 1919 de
1430 1848 1551 1920 Arbore
1570 1863 1601 1920 et
1618 1863 1740 1949 septem

171 1984 243 2068 post
265 1970 435 2053 visionem3
459 1983 490 2040 et
510 1969 642 2068 quidem
661 1969 729 2040 baec
747 1968 869 2069 absque
891 1983 1035 2067 tempore
1058 1995 1122 2067 quo
1142 1971 1261 2066 ejectus
1282 1969 1458 2041 remansit:
1482 1970 1637 2068 aSeptem
1660 1983 1742 2040 tem-

170 2119 292 2192 pora»,
309 2105 344 2162 ut
360 2090 401 2163 de
419 2119 456 2162 eo
472 2093 627 2192 scriptum
642 2103 708 2163 est:
723 2091 771 2163 vel
787 2117 889 2162 annos
905 2103 1044 2190 septem,
1055 2090 1104 2162 vel
1120 2103 1241 2190 septem
1256 2090 1332 2161 anni
1346 2090 1428 2163 vices
1444 2117 1515 2190 quae
1536 2091 1637 2163 tribus
1650 2117 1741 2165 men-

171 2211 260 2284 sibus
278 2210 478 2314 (constant),
494 2227 652 2296 aestatem,
667 2213 817 2312 inquam,
832 2213 997 2311 hyemem,
1017 2225 1211 2283 autumnum
1232 2226 1263 2283 et
1281 2238 1337 2282 ver
1353 2210 1546 2307 significant.
1563 2211 1742 2284 Evilmero-

173 2333 312 2404 dachum
335 2347 460 2418 autem,
479 2333 583 2405 lilium
603 2333 944 2415 Nabuchodonosoris,
963 2333 1060 2416 dicit,
1082 2333 1175 2404 annis
1195 2331 1367 2404 duodecim
1391 2345 1462 2433 post
1482 2345 1607 2431 petrem
1627 2321 1740 2414 suum,

172 2468 202 2526 et
220 2467 329 2553 postea
353 2454 573 2528 Balthazarem
595 2467 736 2554 quatuor
754 2453 847 2526 annis
864 2479 1025 2552 regnasse·
1045 2452 1156 2526 Relate
1177 2451 1218 2523 ad
1233 2452 1389 2525 visionem
1410 2479 1508 2552 quam
1528 2453 1608 2525 vidit
1626 2453 1741 2526 Daniel

171 2574 211 2646 de
232 2574 442 2660 animalibus,
462 2575 538 2647 dicit
561 2575 680 2646 animal
703 2575 861 2674 primurn,
879 2575 985 2647 simile
1008 2574 1112 2659 leoni,
1127 2599 1265 2670 regnum
1285 2600 1353 2645 esse
1371 2572 1613 2660 Chaldaeorum,
1629 2601 1743 2646 secun-

172 2695 251 2767 dum
266 2710 390 2780 antem,
405 2696 509 2770 simile
527 2697 621 2796 lupo,
637 2721 704 2768 esse
717 2697 1054 2795 regnumPersarum3
1072 2707 1103 2767 et
1116 2708 1180 2766 tres
1194 2707 1297 2766 costas
1312 2722 1384 2796 quas
1402 2695 1436 2766 in
1455 2695 1555 2794 ipsius
1568 2722 1623 2768 ore
1634 2709 1742 2780 erant,

172 2843 240 2890 esse
258 2817 386 2901 Medos,
407 2797 599 2917 Babylonios
624 2831 656 2889 et
679 2818 839 2916 Assyrios,
862 2817 1010 2916 illudque
1035 2814 1209 2918 (regnum)
1229 2816 1361 2890 durasse
1387 2816 1532 2889 ducentis
1560 2831 1592 2889 et
1612 2817 1743 2914 triginta

173 2938 276 3009 annia.
297 2937 484 3010 Secundum
503 2966 577 3010 vcro
601 2937 680 3009 alios
703 2938 874 3038 scriptores
891 2937 1078 3037 perduravit
1100 2934 1182 3009 illud
1205 2963 1342 3033 reguum
1362 2936 1509 3010 ducentis
1526 2937 1743 3035 quadraginta

173 3059 319 3158 quinque
340 3059 449 3142 annis,
470 3059 633 3157 usquead
656 3085 793 3155 regnum
811 3057 982 3129 Alexandri
999 3057 1201 3140 Macedonis,
1219 3057 1304 3153 regis
1323 3057 1521 3140 Graecorum,
1541 3059 1598 3156 qui
1617 3059 1744 3157 signifi-

173 3193 264 3250 catur
282 3178 376 3252 tertia
392 3177 495 3249 bestia
512 3178 608 3249 simili
628 3177 748 3274 tigridi.
768 3177 866 3259 Quod
882 3191 989 3248 autem
1010 3176 1128 3249 dicitnr
1145 3189 1285 3274 quatuor
1303 3176 1402 3248 fuisse
1422 3176 1489 3249 alas
1505 3175 1598 3278 (huic
1614 3178 1743 3281 bestiae)

174 3299 308 3383 indicat,
325 3313 398 3399 post
418 3311 554 3370 mortem
572 3296 760 3381 Alexandri,
776 3297 860 3368 inter
878 3311 1019 3396 quatuor
1035 3293 1197 3396 principes
1212 3295 1349 3367 divisum
1365 3297 1461 3368 luisse
1478 3297 1570 3369 istius
1588 3325 1741 3394 regnum,

174 3419 232 3518 qui
249 3433 341 3489 erant
358 3445 375 3490 c
394 3445 511 3514 genere
530 3431 627 3516 atque
644 3445 679 3490 ex
699 3415 836 3488 ducibus
851 3416 955 3501 iltius,
973 3416 1163 3498 Seleucum,
1182 3415 1333 3515 inquam,
1348 3429 1379 3486 et
1397 3417 1597 3489 Demetrium
1611 3430 1642 3488 et
1659 3417 1740 3494 Pbi-

123 3567 128 3575 ·
175 3539 301 3638 lippum
319 3552 351 3609 et
363 3539 584 3612 Ptolemaeum.
603 3538 713 3622 Quum
727 3552 835 3610 autem
852 3551 1038 3638 occupasset
1054 3537 1232 3608 dominatio
1248 3535 1431 3610 Graecorum
1450 3551 1607 3609 trecentos
1620 3566 1739 3623 anuos,
1789 3543 1794 3552 '

175 3659 205 3730 ei
222 3656 465 3761 suecessirtt8)
485 3660 663 3732 dominatio
684 3659 919 3744 Romanorum,
938 3687 1009 3760 quse
1028 3673 1074 3730 est
1090 3658 1194 3730 bestia
1210 3672 1343 3760 quarta,
1360 3657 1462 3732 bestia
1483 3659 1742 3731 tremendissima

173 3779 288 3851 fortior
302 3780 405 3864 ferro,
416 3765 531 3878 gereris
549 3781 583 3852 in
601 3781 704 3880 capite
720 3809 778 3853 suo
798 3781 910 3854 decern
926 3807 1063 3863 cornua,
1075 3807 1147 3882 quae
1163 3793 1238 3852 sunt
1257 3779 1366 3852 decem
1383 3808 1473 3877 reges
1489 3781 1522 3850 in
1543 3781 1609 3880 ipsa
1622 3779 1742 3882 (domi-

176 3899 323 4001 natione)
339 3901 433 3973 simul
450 3904 626 3998 regnaturi.
1264 3905 1273 3920 ⁰

227 4104 266 4176 ll.
295 4105 405 4176 Cornu
423 4118 530 4178 autem
548 4133 701 4207 parvum,
720 4106 807 4208 quod
824 4105 976 4205 deinceps
995 4106 1079 4176 inter
1097 4131 1134 4176 ea
1155 4105 1251 4176 crevit
1273 4117 1305 4177 et
1324 4105 1358 4177 in
1377 4107 1469 4203 cujus
1491 4118 1663 4205 conspectu
1681 4106 1741 4178 tria

175 4225 316 4297 edacem
336 4226 499 4326 prioribus
514 4227 675 4299 eradicata
691 4241 782 4310 sunt,
802 4239 848 4298 est
865 4226 1088 4298 Antichristus.
1106 4225 1146 4297 Et
1162 4225 1230 4298 baec
1244 4226 1306 4298 tria
1323 4253 1395 4326 quae
1411 4225 1617 4299 eradicantur
1633 4253 1741 4299 coram

174 4347 230 4418 illo
252 4361 328 4419 sunt
350 4375 402 4418 rer
425 4349 569 4447 AEgypti‚
595 4375 649 4420 rer
674 4347 843 4448 AEthiopiae
861 4346 983 4450 (Cusb)
1007 4359 1039 4420 et
1062 4374 1116 4419 rer
1140 4347 1256 4446 Libyae.
1281 4348 1358 4420 Tres
1380 4348 1440 4419 bos
1461 4375 1554 4445 reges
1576 4347 1692 4420 occidit
1711 4361 1744 4420 et

174 4482 297 4567 septem
322 4468 400 4540 alios
428 4469 567 4566 subegit.
592 4467 761 4542 Oriundus
791 4481 900 4542 autem
928 4482 975 4542 est
1001 4469 1216 4541 Antichristus
1242 4467 1282 4541 de
1309 4469 1395 4542 tribu
1421 4469 1504 4540 Dan.
1530 4470 1578 4540 De
1608 4469 1743 4569 reliquis

174 4588 273 4687 hujus
296 4589 425 4661 visionis
448 4591 695 4695 circumstantiis
719 4591 763 4662 ita
788 4591 821 4664 S.
849 4591 1044 4692 Hippolytus
1064 4591 1228 4691 loquitur:
1246 4591 1335 4663 Aries
1360 4591 1415 4662 ille
1439 4593 1497 4692 qui
1522 4591 1672 4692 apparuit
1695 4605 1744 4664 est

176 4709 308 4795 Darius,
327 4738 381 4783 rex
398 4711 585 4794 Persarum,
604 4711 777 4812 bircusque
796 4729 965 4812 caprarum
984 4725 1031 4784 est
1045 4712 1233 4797 Alexander,
1247 4740 1301 4784 rex
1319 4711 1518 4795 Graecorum,
1533 4713 1624 4809 cujus
1642 4737 1742 4784 cornu

175 4827 276 4900 altum
295 4858 368 4902 cum
386 4832 523 4904 fractum
543 4833 670 4917 luisset,
690 4846 832 4933 quatuor
851 4833 964 4906 subtus
986 4833 1068 4906 illud
1089 4811 1158 4908 orta
1177 4849 1253 4908 sunt
1270 4865 1277 4905 :
1297 4834 1477 4906 Alexandro
1496 4833 1582 4906 enim
1597 4845 1742 4917 mortuo,

175 4947 276 5046 ipsius
292 4975 429 5048 regnum
447 4952 532 5024 inter
549 4966 689 5052 quatuor
706 4980 798 5052 reges
816 4952 953 5026 divisum
968 4969 1031 5040 cst,
1048 4968 1084 5026 ut
1099 4955 1221 5027 dictum
1239 4955 1389 5053 desuper.
1407 4953 1517 5025 Cornu
1531 4965 1638 5024 autem
1655 4952 1744 5053 quod

175 5095 211 5138 er
227 5095 293 5140 uno
306 5097 417 5142 eorum
431 5069 549 5146 dicitur
566 5101 731 5174 egressum
744 5090 841 5174 atque
859 5076 904 5147 ita
918 5076 1101 5150 crevissent
1114 5077 1312 5175 pertingeret
1324 5075 1365 5147 ad
1379 5075 1511 5158 coelum,
1523 5073 1643 5148 indicat
1656 5101 1743 5146 exer·
1807 5113 1814 5122 ·

175 5189 274 5260 citum
287 5189 433 5262 Antiochi
453 5194 642 5293 Epiphanii‚
654 5195 710 5295 qui
723 5195 852 5291 subegit
863 5196 1035 5296 AEgyptum
1055 5211 1087 5269 et
1099 5196 1278 5270 Jerusalem
1294 5195 1437 5268 ascendit
1451 5210 1596 5295 tempore
1611 5194 1743 5266 blacha-

174 5308 334 5393 baeorunr,
349 5311 499 5408 judicans
513 5327 544 5385 et
562 5315 711 5387 occidens
727 5317 846 5388 multos
862 5315 1007 5400 ludam,
1028 5343 1149 5388 cessare
1165 5317 1286 5388 faciens
1303 5316 1463 5388 victimam
1478 5330 1510 5389 et
1527 5316 1741 5398 oblationem,
