3982 6082
261 567 348 612 xxxiv
871 542 1224 610 PROLEGOMENA.

259 723 292 795 p.
315 695 401 792 337,
412 705 445 765 et
459 692 493 765 S.
506 691 602 764 Petro
614 691 846 778 Alexandrino,
861 721 894 793 p.
914 693 999 766 tto.
1013 693 1215 766 Multaenim
1234 719 1252 766 e
1270 691 1397 764 selectis
1414 692 1547 764 Potrum
1563 691 1641 765 locis
1657 694 1751 766 nobis
1768 718 1839 766 ser-

260 830 332 888 vsta
349 826 426 888 sunt
437 813 641 887 solummodo
657 813 692 886 in
706 813 908 888 collectaneis
920 813 1051 913 syriacis
1065 828 1098 887 ct
1111 814 1267 898 armenis,
1283 841 1373 914 que,
1390 813 1499 914 quood
1509 815 1681 887 msximom
1694 828 1837 914 partem,

261 950 389 1010 exarata
406 946 484 1008 sunt
496 934 531 1008 in
545 963 640 1008 usum
654 963 768 1008 eorum
781 935 839 1037 qui
858 936 974 1010 baeresi
988 934 1252 1036 monophysiticae
1269 935 1572 1036 patrocinabuntur,
1589 950 1703 1036 etque,
1718 937 1779 1008 hac
1796 936 1838 1009 de

262 1085 375 1142 causa,
392 1083 519 1158 semper
536 1084 611 1130 cum
631 1057 773 1158 quedem
793 1057 973 1130 diffidentia
989 1056 1175 1158 recipienda
1195 1069 1282 1129 sunt.
1304 1057 1455 1157 Denique
1475 1057 1566 1129 locus
1584 1057 1718 1158 quidem
1735 1058 1839 1130 sancti

261 1178 397 1264 tustini,
413 1178 448 1250 in
466 1191 603 1251 tractatu
617 1177 658 1251 de
674 1178 851 1251 orthodoxa
866 1178 947 1263 lide,
964 1178 1083 1251 clarius
1095 1177 1295 1276 intelligetur
1307 1177 1335 1250 si
1346 1176 1391 1250 ite
1403 1191 1582 1262 vertamus,
1595 1205 1627 1278 p.
1646 1179 1779 1265 15,lin.
1795 1178 1814 1250 6
1831 1212 1838 1251 :

265 1300 340 1374 Com
354 1300 385 1371 in
403 1312 447 1392 τῷ
458 1299 548 1371 Patre
564 1317 591 1372 ct
604 1299 682 1373 Filio
698 1316 725 1372 ct
739 1299 855 1400 Spiritu
863 1299 970 1372 Sancto
985 1299 1074 1372 unies
1087 1298 1212 1371 Deitatis
1222 1299 1390 1399 hypostases
1404 1327 1611 1398 agnoscamus,
1629 1316 1656 1370 et
1667 1301 1698 1371 in
1713 1311 1757 1394 τῷ
1774 1299 1840 1373 Deo

263 1423 397 1493 unionem
409 1448 608 1522 personarum
624 1421 655 1492 in
669 1421 791 1494 essendo
807 1420 1020 1520 intelligamus,
1038 1419 1182 1522 seqnitur,
1200 1433 1260 1492 cto.

315 1579 355 1652 Et
368 1605 472 1662 nunc,
488 1578 646 1652 benevole
659 1579 770 1664 lector,
788 1579 874 1663 vive,
893 1577 979 1663 vale,
997 1578 1104 1650 fauste
1119 1577 1228 1650 omnia
1246 1603 1428 1677 precemur.

315 1809 544 1884 Scribebamus
562 1810 708 1897 Parisiis,
724 1811 787 1884 tal.
806 1809 997 1912 septembris
1011 1810 1091 1884 anni
1108 1836 1338 1884 crenccocxrxn.

1173 2062 1201 2132 l.
1221 2061 1257 2133 P.
1277 2060 1428 2134 Psuctnus
1455 2061 1631 2146 Mancinus,

997 2201 1148 2284 Scripturae
1162 2193 1246 2261 sicrae
1261 2199 1346 2262 lector
1357 2200 1386 2260 in
1398 2200 1536 2282 superiori
1550 2199 1648 2260 Scbolo
1663 2201 1817 2286 theologico

1178 2299 1298 2364 lnstituti
1312 2301 1439 2363 catholici
1459 2301 1626 2386 parisiensis.
