4006 6098
278 558 344 623 3t0
628 555 800 621 PATRUM
828 553 1226 621 ANTENICAENORUM
1252 553 1490 640 anennual.

278 706 338 779 «Si
364 720 472 777 autem
494 705 569 776 alii¹
598 703 771 775 revelatum
799 704 897 776 luerit
924 703 1064 784 sedenti,
1089 704 1180 802 prior
1208 708 1367 775 cocart.»
1388 705 1455 776 Hoc
1484 705 1653 777 manifeste
1675 705 1784 778 docuit
1812 721 1846 778 et

276 826 416 898 ostendit
437 825 538 896 multa
560 824 696 922 singulis
715 824 831 896 melius
851 824 1000 908 revelari,
1024 838 1071 906 et,
1095 851 1132 895 ea
1155 825 1195 896 de
1213 851 1326 909 causa,
1349 853 1414 896 non
1433 826 1552 898 debere
1576 853 1844 929 unumquemque

276 960 420 1018 nostrum
440 947 485 1018 ita
503 946 619 1018 acriter
636 959 667 1017 et
685 946 830 1017 absolute
846 946 1008 1018 decertare
1024 972 1083 1044 pro
1097 945 1135 1017 iis
1150 973 1222 1044 quae
1240 946 1361 1018 credita
1380 945 1520 1046 quodam
1540 961 1684 1046 tempore
1700 949 1845 1020 invalue-

275 1066 368 1151 runt,
382 1066 453 1152 sed,
473 1069 500 1138 si
519 1066 597 1166 quid
611 1065 726 1138 molius
744 1080 776 1137 et
793 1067 905 1138 utilius
923 1068 1024 1138 visum
1044 1065 1156 1148 fuerit,
1175 1067 1315 1138 suaviter
1329 1067 1489 1166 amplecti.
1509 1067 1649 1152 Quando
1668 1069 1752 1140 enim
1771 1097 1844 1141 me-

274 1188 356 1260 liora
374 1186 468 1259 nobis
484 1200 641 1287 apparent
660 1201 690 1258 et
705 1187 896 1270 affectantur,
917 1214 982 1259 non
999 1186 1158 1258 vincimur
1170 1187 1225 1258 sed
1245 1187 1447 1271 instruimur,
1466 1189 1602 1260 maxime
1621 1203 1728 1261 autem
1743 1190 1776 1260 in
1792 1189 1843 1260 bis

277 1338 349 1411 quae
367 1310 409 1381 ad
424 1307 616 1380 concordem
639 1308 786 1379 Ecclesiae
808 1309 983 1390 unitatem,
1004 1321 1034 1379 et
1054 1309 1124 1407 spei
1148 1321 1179 1379 et
1199 1306 1276 1380 fidei
1299 1313 1436 1379 nostrae³
1457 1309 1637 1390 veritatem,
1659 1323 1694 1380 nt
1712 1337 1769 1382 nos
1786 1339 1842 1382 sa-

276 1431 420 1503 cerdotes
438 1430 497 1501 Dei
517 1442 548 1500 et
563 1428 710 1500 Ecclesiae
724 1430 809 1527 ejus,
824 1427 863 1500 de
877 1428 977 1528 ipsius
995 1427 1199 1525 dignatione,
1213 1429 1335 1528 populo
1351 1430 1529 1528 praepositi,
1544 1430 1710 1502 videamus
1725 1429 1841 1502 nullibi

276 1552 372 1623 ctiam
392 1551 556 1622 remissam
576 1564 778 1647 peccatorum
795 1576 887 1649 posse
902 1548 987 1632 dari,
1004 1549 1064 1620 nisi
1081 1550 1113 1620 in
1127 1550 1193 1621 sola
1209 1549 1350 1621 Ecclesia
1367 1550 1539 1633 catholica,
1554 1577 1613 1622 nec
1624 1578 1717 1650 posse
1733 1551 1843 1624 adver-

253 1693 254 1696 ’
275 1671 375 1742 serios
394 1671 511 1744 Christi
529 1670 707 1769 quidquam
727 1697 744 1742 e
761 1670 860 1768 gratia
879 1673 947 1768 ejus
965 1669 1026 1742 sibi
1044 1669 1186 1768 irrogare
1203 1684 1235 1741 et
1249 1669 1410 1742 mundari.

327 1848 377 1918 lv.
407 1845 503 1930 Ouod
522 1860 630 1918 autem
646 1864 677 1917 et
689 1847 908 1946 Aggrippinus
921 1847 1006 1946 ipse,
1019 1848 1113 1919 bonae
1132 1847 1295 1919 memoriae
1311 1847 1368 1930 vir,
1384 1875 1456 1920 cum
1473 1848 1668 1948 coepiscopis
1685 1850 1766 1932 suis,
1785 1850 1842 1948 qui

273 1969 307 2040 in
325 1968 429 2039 Africa
449 1981 480 2039 et
499 1968 649 2040 Numidia
669 1969 844 2040 Ecclesiam
862 1968 1103 2066 gubernabant,
1127 1968 1237 2039 docuit
1257 1968 1389 2070 quidem
1412 1984 1444 2041 et
1464 1970 1679 2054 confirmavit,
1697 1997 1750 2053 ea,
1769 1997 1842 2070 quae

274 2117 347 2160 cnm
365 2089 432 2161 zelo
453 2103 483 2160 et
506 2115 582 2160 cura
603 2089 741 2160 examini
762 2089 922 2188 sabjecta,
942 2088 1100 2170 discussa,
1118 2090 1313 2188 introspecta
1336 2103 1367 2162 et
1386 2090 1566 2162 communis
1588 2091 1714 2162 consilii
1734 2105 1843 2162 mente

273 2210 419 2281 instituta
437 2209 581 2293 fuerant,
601 2222 743 2281 statuens
763 2224 793 2282 et
812 2210 989 2283 stabiliens.
1011 2211 1157 2294 Quorum
1179 2209 1375 2282 voluntatem
1391 2226 1422 2282 ct
1442 2211 1633 2282 sententiam
1650 2211 1843 2293 stabilitam,

274 2332 513 2436 inconcussam,
527 2345 800 2431 perseverantem,
816 2331 1015 2429 religiosam,
1033 2331 1215 2430 fidemquel
1231 2330 1404 2404 salutarem
1421 2332 1567 2404 Ecclesia
1581 2332 1744 2403 catholicae
1762 2359 1843 2403 con-

273 2466 460 2549 gruentem,
477 2479 535 2523 nos
550 2452 646 2522 etiam
660 2451 855 2551 arripuimus
873 2466 904 2524 et
921 2451 1129 2552 custodimus.
1148 2451 1270 2552 [Simul
1287 2453 1427 2524 cavimus
1444 2480 1509 2524 non
1526 2452 1769 2534 consuetudini,
1785 2453 1845 2524 sed

273 2573 395 2644 veritati
411 2573 575 2644 adhaerere
586 2571 628 2672 ⁵.]
648 2572 710 2644 Pro
732 2574 896 2645 communi
919 2588 1028 2644 autem
1053 2572 1240 2656 dilectione,
1262 2575 1424 2673 exemplar
1440 2574 1537 2672 hujus
1556 2573 1697 2672 epistolae
1718 2589 1750 2645 et
1767 2573 1845 2644 libri

271 2694 359 2765 illius
377 2720 475 2792 quem
498 2692 558 2764 hac
581 2694 621 2764 de
645 2721 678 2764 re
698 2693 900 2792 scripsimus,
919 2721 956 2764 eo
983 2693 1047 2765 fine
1071 2693 1321 2778 transmisimus,
1349 2707 1399 2778 ut,
1425 2695 1538 2796 quovis
1560 2709 1721 2795 tempore,
1747 2693 1844 2765 facile

272 2827 386 2911 praesto
404 2811 460 2896 sit,
480 2825 549 2884 tum
568 2812 643 2898 tibi,
662 2828 730 2885 tum
747 2813 812 2885 illis
830 2814 1026 2914 coepiscopis
1045 2813 1180 2899 nostris,
1197 2815 1253 2913 qui
1271 2817 1306 2887 in
1324 2842 1382 2887 suo
1406 2816 1543 2915 quisque
1561 2815 1632 2888 loco
1650 2827 1842 2913 potestatem

273 2939 449 3005 exercent⁶.

1039 3189 1073 3259 ll

791 3360 985 3423 EPISTOLA
1011 3361 1063 3423 AD
1089 3355 1325 3426 eluendas)

324 3550 507 3650 Cyprianus·
526 3565 556 3622 et
574 3552 714 3651 episcopi
738 3550 795 3650 qui
814 3578 938 3622 mecum
962 3564 1054 3636 sunt,
1075 3552 1100 3623 F
1103 3552 1172 3635 ido,
1189 3552 1281 3624 fratri
1301 3567 1332 3624 et
1350 3551 1480 3650 collegae
1499 3566 1624 3635 nostro,
1645 3552 1678 3622 in
1702 3552 1840 3624 Domino

272 3669 421 3742 salutem.

324 3847 347 3916 l.
378 3847 528 3944 Legimus
549 3847 670 3918 litteras
693 3861 780 3931 tuas,
799 3849 897 3921 frater
912 3848 1091 3932 carissime,
1111 3850 1144 3920 in
1160 3819 1283 3950 'quibus
1305 3848 1491 3946 significasti
1509 3848 1548 3920 de
1567 3849 1714 3921 Victore⁸
1733 3874 1841 3948 quon-

274 3966 347 4038 dam
370 3968 573 4067 presbytcro,
593 3967 681 4068 quod
705 3969 749 4052 ei,
774 3984 948 4069 antequam
972 3969 1112 4070 perfecte
1138 3970 1360 4070 poenitentiam
1384 3969 1514 4067 egisset,
1542 3982 1575 4042 et
1597 3969 1736 4041 Domino
1756 3968 1838 4050 Deo,

256 4088 398 4159 'veniam
419 4089 459 4159 ab
482 4114 520 4159 eo
545 4116 663 4188 rogans
689 4117 748 4189 pro
766 4091 805 4162 iis
827 4090 999 4190 inquibus
1024 4090 1220 4190 deliquerat,
1237 4091 1454 4174 satisfecisset,
1472 4090 1666 4190 Therapius,
1687 4089 1790 4160 socius
1809 4103 1840 4160 et

273 4207 394 4306 collega
414 4224 532 4292 noster,
553 4225 690 4296 temere,
709 4213 881 4284 immaturo
906 4225 1063 4312 tempore,
1084 4227 1115 4284 et
1132 4213 1284 4284 indecoro
1306 4211 1374 4283 zelo
1395 4239 1506 4311 pacem
1529 4211 1665 4284 dederit.
1688 4211 1768 4294 Ouae
1788 4236 1840 4281 res

271 4329 371 4427 igitur
392 4331 532 4402 multum
553 4359 611 4402 nos
633 4333 806 4404 commovit
827 4346 859 4404 et
880 4333 1096 4417 conturbavit,
1117 4331 1232 4405 rebelli
1250 4345 1282 4406 et
1299 4345 1440 4405 aversata
1465 4345 1572 4404 mente
1592 4357 1752 4403 recessum
1771 4356 1840 4401 esse

272 4477 289 4520 a
308 4450 427 4522 decreti
445 4451 547 4522 nostri
565 4452 705 4551 perfecta
724 4452 811 4550 lege,
828 4465 880 4535 ut,
896 4465 1071 4551 antequam
1087 4453 1263 4553 impleatur
1275 4467 1401 4555 tempus
1416 4451 1596 4550 legitimum
1615 4451 1840 4524 satisfactionis

309 4677 315 4707 ¹
335 4675 411 4746 Syrus
430 4675 491 4748 legit
507 4675 575 4736 aliis,
595 4671 637 4728 sed
655 4692 768 4737 erranee,
786 4682 815 4728 ut
830 4681 898 4748 patet
914 4695 943 4729 ex
960 4694 1019 4729 con·
1095 4675 1160 4729 aalia
1175 4673 1207 4730 ad
1222 4675 1304 4730 Filum
1319 4677 1367 4748 (sic
1381 4677 1482 4750 ubique)
1495 4675 1528 4732 tle
1541 4675 1665 4731 sacerdote
1680 4677 1749 4748 cujus
1761 4693 1839 4728 canon

270 4767 530 4822 tormentisne—¹
549 4764 954 4840 {admunitionem-³
973 4768 1018 4822 llic
1094 4769 1203 4841 ainjuste
1228 4769 1322 4823 solutus
1347 4769 1425 4824 fuerat
1452 4777 1478 4824 et
1506 4768 1538 4823 de
1561 4769 1674 4823 facultate
1700 4767 1840 4841 baptisandi

270 4859 404 4933 legendum
432 4859 497 4916 foret
521 4857 641 4938 xlmas
670 4859 723 4912 loco
754 4883 874 4937 qum,
898 4861 924 4914 in
953 4868 1017 4916 textu

270 4952 443 5024 syriaco—⁴
461 4953 514 5007 Lat
528 4953 568 5008 ed.
577 4952 766 5028 fideique-⁵
785 4953 844 5009 llaec
860 4954 886 5007 in
905 4954 1019 5008 uncimus

269 5043 364 5100 inclusa
379 5045 498 5099 omittunt
514 5046 584 5100 latini
601 5045 716 5100 editores.
728 5048 789 5086 —⁸
807 5045 844 5100 nd
856 5047 947 5100 calcem
961 5047 1019 5120 epi-

270 5137 339 5192 stolae
352 5137 460 5213 legitur:
472 5139 595 5214 «Explicit
608 5141 709 5214 epistola
726 5140 803 5194 sancti
821 5140 948 5214 Cypriani,
965 5137 1018 5214 epi-

270 5232 354 5305 «scopi
386 5237 411 5285 et
437 5233 560 5306 martyris,
581 5233 613 5289 ad
642 5235 763 5299 Quintum
790 5235 959 5309 epismpumm
980 5267 1018 5275 -

269 5323 279 5354 ⁷
300 5322 334 5376 En
350 5323 477 5397 inscriptio
491 5325 516 5378 in
536 5325 644 5380 editione
662 5328 771 5398 syriaca:
788 5329 898 5382 altarum
916 5327 1016 5400 epistola

1094 4879 1201 4934 «pueros
1222 4861 1298 4916 etiam
1318 4869 1374 4935 post
1392 4862 1556 4925 satietatem,
1576 4863 1599 4916 si
1612 4878 1710 4916 accuse
1724 4860 1839 4915 sit....o

1094 4953 1150 5025 (Cfr
1162 4953 1252 5008 Potrot.
1263 4952 1332 5017 bot,
1346 4954 1396 5018 llI,
1409 4955 1454 5009 col.
1475 4955 1655 5024 ιοι3-ιοι9.)
1672 4953 1708 5008 Ex
1726 4960 1841 5008 mntextu

1092 5056 1160 5123 patet
1176 5065 1301 5109 concana,
1317 5049 1388 5120 cujus
1406 5048 1497 5101 solutio
1516 5047 1557 5102 hic
1573 5053 1788 5110 commemoratur,
1804 5047 1841 5100 nil

1092 5140 1159 5196 aliud
1177 5159 1230 5195 esse
1247 5159 1322 5214 quam
1338 5140 1615 5195 excommunicationem
1636 5146 1679 5193 aut
1693 5139 1840 5212 suspensio-

1093 5253 1163 5298 nem,
1177 5231 1312 5308 qoamdcm
1330 5233 1432 5287 demum
1446 5233 1632 5288 ecclesiasticam
1652 5249 1789 5288 cessuram.
1802 5263 1841 5272 -

1091 5329 1101 5361 ¹
1120 5327 1195 5398 Syrus
1208 5325 1324 5380 lucrm.
