3982 6082
265 551 337 594 um
881 501 1227 592 reuersurum.

267 673 457 756 llebraeum,
488 685 548 744 et'c.
582 673 759 744 uttmerito
789 673 912 771 sperari
945 673 1045 772 possit
1074 671 1136 744 boc
1166 699 1248 771 opus
1286 669 1463 772 aliquando
1497 670 1724 771 reperiendum
1757 672 1838 746 lore.

264 795 406 867 Africani
425 795 613 896 opinionem
627 793 804 894 saepissime
817 807 1070 866 commemorant
1081 793 1255 892 Dionysius
1264 791 1517 866 Bnr-Tsalibaeus
1531 807 1563 865 et
1578 793 1752 890 Gregorius
1765 795 1840 866 bar-

264 916 422 989 Hebraeus
439 917 474 988 in
490 915 728 990 commentariis
744 915 828 1000 suis,
847 913 925 987 dum
943 914 1149 988 difficultates
1167 941 1249 1016 quas
1263 914 1386 1015 praebet
1407 913 1597 1012 genealogia
1615 912 1751 999 Christi,
1768 913 1839 986 sol-

263 1065 337 1111 vere
355 1051 491 1112 tentant.

1015 1267 1083 1338 Xll

314 1491 465 1592 Origenis
482 1493 589 1565 minor
606 1518 672 1566 non
689 1505 737 1566 est
750 1491 836 1563 lama
858 1491 947 1592 apud
962 1489 1155 1564 Orientales.
1168 1491 1336 1575 Attamen,
1347 1489 1374 1561 si
1391 1488 1479 1562 illius
1493 1517 1659 1564 sacrorum
1676 1489 1834 1564 librorum

262 1615 439 1688 editionem
449 1611 655 1712 hexaplarem
667 1613 844 1713 exceperis,
859 1612 907 1685 vix
922 1611 1010 1684 illius
1026 1637 1124 1712 opera
1135 1611 1255 1683 alicubi
1270 1612 1366 1684 citata
1381 1611 1539 1712 reperies,
1551 1640 1653 1714 quum
1664 1639 1834 1716 nunquam

261 1735 398 1820 luerint,
415 1734 479 1806 sive
499 1735 640 1838 integre,
661 1734 725 1806 sive
743 1733 877 1835 partim,
896 1733 930 1805 in
953 1732 1100 1832 linguam
1123 1759 1306 1817 armenum,
1326 1759 1496 1834 syramque
1520 1733 1683 1806 translata.
1705 1735 1833 1808 Summi

259 1856 359 1956 hujus
377 1855 581 1928 ecclesiastici
598 1854 779 1955 scripturis,
796 1854 969 1926 insacrum
987 1854 1188 1955 Scripturam
1207 1853 1359 1952 exegetici
1377 1853 1506 1927 labores
1529 1854 1591 1927 alia
1609 1855 1679 1953 ejus
1697 1856 1830 1956 scripta,

258 1977 425 2062 homilias,
443 1977 595 2078 inquam,
611 1974 763 2079 epistolas
778 1989 811 2048 et
828 1976 1060 2048 commentaria
1078 1976 1112 2047 in
1129 1973 1325 2048 obliuionem
1340 1974 1509 2048 miserunt.

1002 2297 1091 2372 Xlll

309 2517 409 2592 Valde
428 2515 551 2590 diversa
569 2513 665 2587 luite
683 2526 794 2586 contre
812 2539 881 2585 sors
903 2514 1004 2586 sancti
1019 2510 1190 2615 Cypriani,
1209 2511 1465 2612 carthaginensis
1479 2515 1631 2618 episcopi.
1651 2518 1826 2620 Postquam

257 2641 345 2712 enim
370 2638 510 2712 Ecclesia
531 2663 635 2734 graecn
656 2633 795 2734 aliaeque
819 2631 962 2708 Orientis
984 2633 1131 2707 llcclesiae
1155 2659 1173 2706 a
1196 2634 1340 2706 Romana
1368 2650 1523 2736 separate
1553 2635 1701 2724 luerunt,
1727 2642 1828 2715 suncti

256 2761 405 2859 martyris
427 2757 569 2860 epistole
590 2754 632 2829 ad
652 2756 812 2840 Quintum
832 2767 864 2827 et
884 2755 1018 2840 Fidum,
1038 2755 1277 2856 conciliumque
1297 2755 1492 2854 Carthagine
1509 2758 1658 2831 habitum
1675 2761 1709 2832 in
1731 2789 1826 2835 cause

254 2880 541 2983 rebaptizantium,
560 2878 692 2952 elatine
711 2878 745 2950 in
764 2903 899 2975 grecam
921 2889 954 2949 et
970 2903 987 2950 e
1002 2904 1105 2974 groeca
1120 2877 1154 2949 in
1172 2877 1327 2977 syriacam
1345 2876 1492 2978 linguam
1508 2882 1661 2954 translata
1675 2883 1824 2970 luerunt,

158 3009 166 3018 '
254 3016 352 3104 atque
375 3003 418 3074 ita
442 3001 483 3072 ad
501 2999 721 3099 cognitionem
744 2997 960 3072 Orientalium
983 2998 1119 3098 perlata.
1138 2999 1341 3072 Sententiam
1365 3028 1464 3100 quam
1491 3015 1621 3078 sauctus
1646 3005 1825 3104 Cyprianus

253 3124 443 3196 defenderat
469 3149 541 3194 cum
572 3120 685 3194 diricae
718 3121 892 3221 episcopis,
917 3120 1201 3192 celebratissimam
1229 3120 1405 3194 effecerunt
1428 3124 1639 3197 conciliorum
1667 3152 1824 3210 canones,

252 3245 455 3344 haeresesque
469 3243 659 3343 frequenter
677 3242 762 3314 inter
777 3240 959 3314 Orientales
977 3255 1103 3314 exortae.
1121 3241 1231 3324 Quum
1247 3241 1333 3316 enim
1349 3243 1491 3317 heretici
1509 3272 1574 3318 non
1592 3273 1666 3319 raro
1682 3247 1824 3320 desecta

252 3365 293 3437 ad
318 3378 437 3438 sectam
460 3367 650 3447 transirent,
672 3362 859 3462 frequenter
883 3362 1017 3462 quaestio
1042 3361 1232 3435 merehatur
1256 3362 1296 3435 de
1323 3362 1487 3438 validitate
1511 3365 1665 3467 baptismi
1691 3366 1732 3438 ab
1758 3368 1823 3440 illis

251 3488 383 3587 recepti.
407 3486 524 3571 Porro,
543 3511 618 3557 cum
641 3482 799 3584 extemplo
824 3510 953 3556 necesse
976 3497 1058 3556 esset
1075 3484 1115 3556 ad
1141 3484 1347 3557 traditionem
1371 3487 1618 3560 ecclesiasticam
1641 3515 1821 3574 recurrere,

250 3609 332 3709 quid
348 3621 443 3682 antea
460 3607 514 3679 bic
534 3605 583 3679 vel
606 3604 661 3677 ille
678 3603 800 3689 doctor,
820 3603 900 3705 quid
916 3603 985 3676 baec
1006 3605 1057 3676 vel
1076 3604 1133 3676 illa
1149 3605 1290 3678 Ecclesia
1308 3608 1481 3680 sensissent
1500 3610 1708 3708 querebatur
1727 3623 1822 3710 atque

249 3729 476 3829 proferebatur
495 3729 530 3798 in
553 3726 717 3811 medium,
736 3738 772 3797 ut
789 3739 987 3799 statueretur
1008 3726 1121 3825 regula
1141 3726 1365 3803 ecclesiastica.
1381 3729 1459 3802 Haec
1476 3731 1510 3802 in
1534 3757 1630 3802 causa
1653 3732 1742 3803 luere
1764 3759 1822 3805 cur

251 3850 375 3922 diversa
395 3849 430 3921 S.
448 3847 600 3948 Cypriani
620 3847 737 3948 scripte
756 3846 796 3920 de
815 3846 978 3948 baptismo
998 3847 1222 3924 hereticorum
1247 3850 1400 3924 translata
1422 3852 1485 3924 sint
1504 3850 1539 3924 in
1556 3852 1659 3925 varias
1679 3853 1821 3927 Orientis

248 3970 388 4070 linguas.

298 4090 409 4164 Versio
432 4117 535 4188 graecu
555 4101 678 4190 prostat
698 4090 816 4190 partim
839 4091 874 4162 in
894 4087 1067 4190 Putrelogia
1089 4092 1194 4178 latinu,
1219 4107 1241 4166 t.
1263 4094 1324 4180 lll,
1346 4094 1407 4167 cul.
1430 4121 1666 4195 seqq-1102,
1691 4095 1819 4196 plenius

212 4298 218 4312 ἢ
245 4239 320 4286 vero
336 4212 369 4284 in
383 4211 478 4284 Pauli
493 4211 533 4284 de
544 4210 691 4309 Lagarde
704 4209 858 4310 Rolliquiis
867 4211 953 4310 juris
969 4209 1151 4286 ecclesiastici
1164 4213 1316 4318 (grece),
1336 4245 1410 4317 pag.
1430 4217 1555 4315 37-55.
1570 4217 1680 4290 Versiu
1698 4218 1819 4316 syriaca

246 4335 333 4408 edita
349 4335 492 4434 primum
510 4345 558 4405 est
576 4360 595 4404 a
612 4332 648 4405 P.
665 4332 705 4404 de
725 4330 870 4429 Legerde
886 4331 919 4404 in
934 4331 1088 4434 llelliquiis
1096 4336 1182 4435 juris
1202 4337 1386 4410 ecelesiastici
1400 4337 1609 4438 antiquissimis
1627 4335 1782 4440 (syriace)
1799 4366 1818 4410 a

245 4456 364 4556 pagina
384 4489 461 4533 ..sn
483 4454 525 4527 ad
544 4455 696 4554 paginam
723 4477 759 4584 q.
783 4453 857 4528 Haec
881 4481 952 4554 syra
977 4457 1080 4530 versio
1099 4459 1218 4559 partim
1246 4460 1354 4532 denuo
1379 4461 1543 4560 proditio
1567 4459 1817 4530 decorissimum

243 4579 367 4650 Petrum
380 4577 526 4650 Analectis
543 4576 677 4660 nostris,
694 4603 727 4678 p.
742 4577 876 4675 72-80,
893 4577 951 4651 ubi
967 4580 1064 4654 etiam
1079 4582 1238 4683 quasdam
1256 4583 1431 4656 sententias
1446 4610 1481 4656 er
1494 4581 1635 4654 armenis
1650 4579 1815 4651 codicibus

242 4699 419 4801 descriptas
435 4699 537 4774 lector
550 4697 700 4802 reperiet.

987 4937 1067 5010 xlv

290 5161 400 5262 Longe
417 5160 575 5264 potiorem
594 5174 719 5264 partem
739 5160 965 5236 Analeetorum
990 5171 1175 5236 nostrorum
1195 5157 1374 5262 (tr-169,
1394 5159 1580 5262 stt-tiu)
1602 5159 1813 5261 prebuerunt

235 5286 338 5358 suncti
356 5285 518 5384 Gregorii,
538 5297 753 5384 cognomento
770 5283 1021 5378 Thaumeturgi,
1043 5308 1140 5384 opera
1162 5281 1197 5354 in
1220 5309 1291 5382 syra
1314 5309 1512 5383 armenaque
1538 5282 1651 5382 lingua
1675 5295 1809 5358 servata.
