3980 6084
277 547 344 616 t3e
629 543 809 611 PATRUM
835 543 1232 610 ANTENICAENORUM
1262 545 1495 614 ANALECTA.

1039 821 1081 901 2⁰
1116 865 1117 870 ,

506 1005 776 1074 FRAGMENTA
802 1008 861 1073 EA
887 1009 1069 1076 ARMENA
1096 1007 1319 1076 VERSIONE
1346 1004 1615 1072 TRANSLATA.

327 1198 351 1270 l.
382 1198 490 1281 Quare
503 1213 650 1272 sanctum
669 1213 701 1270 et
713 1199 772 1271 Dei
787 1199 891 1272 titium
902 1201 1021 1272 fectum
1036 1200 1190 1286 dicimus,
1205 1199 1359 1301 quoniam
1372 1223 1504 1296 corpore
1516 1196 1691 1268 Dominum
1702 1212 1861 1272 nostrum

274 1319 385 1392 Iesum
404 1321 566 1392 Christum
587 1319 689 1391 Maria
705 1320 833 1418 genuit,
854 1319 1004 1392 eumdem
1022 1321 1181 1406 Verbum,
1199 1333 1230 1392 et
1245 1319 1449 1390 non'eiium?
1465 1361 1517 1372 --
1534 1317 1629 1400 Quod
1644 1318 1746 1390 obsit!
1769 1319 1861 1392 Vere

276 1440 363 1512 enim
381 1454 429 1512 est
446 1441 547 1512 Filius
563 1441 622 1524 Dei
639 1441 730 1513 lesus
754 1441 914 1527 Christus,
937 1457 968 1514 et
983 1470 1055 1516 vere
1077 1442 1173 1514 etiem
1191 1442 1283 1514 Iesus
1301 1453 1348 1512 est
1366 1439 1526 1518 Christus,
1546 1451 1577 1510 et
1592 1467 1663 1512 rere
1681 1468 1739 1540 pro
1756 1442 1861 1512 nobis

276 1574 435 1632 tormento
449 1588 560 1660 possus
583 1576 641 1634 est.
749 1603 750 1606 ¹

328 1738 366 1810 ll.
397 1738 559 1821 Quoniam
578 1738 680 1811 Maria
696 1740 808 1837 genuit
822 1740 964 1812 Verbum
978 1740 1037 1812 Dei
1055 1766 1183 1812 earnem
1204 1739 1341 1822 sectum,
1365 1763 1466 1809 unum
1485 1751 1517 1810 et
1539 1736 1706 1822 eumdem,
1726 1753 1757 1810 et
1783 1765 1856 1810 non

276 1858 375 1930 alium
393 1874 490 1960 etque
503 1860 624 1943 olium,
641 1861 729 1960 quod
745 1861 842 1934 absit!
862 1859 970 1964 (195)

325 2036 381 2108 Ill.
411 2037 476 2118 Qui
501 2037 607 2110 dicere
631 2065 764 2138 corpore
793 2052 976 2138 corruptam
1001 2039 1099 2112 fuisse
1124 2037 1296 2121 unionem,
1315 2035 1362 2108 vel
1384 2035 1526 2107 dividere
1544 2035 1649 2107 Deum
1671 2061 1690 2105 a
1713 2062 1855 2134 corporo

275 2157 412 2241 audent,
431 2157 453 2228 ii
473 2158 677 2230 anathemato
694 2159 833 2259 perculsi
851 2173 937 2231 sunt.

326 2333 377 2405 IV.
407 2334 446 2405 Et
465 2334 552 2406 Deus
573 2347 605 2405 ct
628 2361 743 2435 corpus
766 2362 831 2407 unu
856 2349 932 2407 sunt
952 2339 1085 2406 neturo¹
1107 2361 1236 2436 unoque
1258 2360 1410 2434 persono,
1435 2359 1523 2432 quae,
1545 2331 1707 2404 volontate
1732 2357 1791 2402 sue
1815 2345 1852 2402 et

274 2451 482 2552 dispositione
506 2454 661 2552 Spiritus,
686 2455 782 2526 venit.
808 2455 879 2556 Ipsa
902 2467 948 2526 est
971 2469 1010 2527 et
1025 2455 1105 2528 dous
1130 2454 1333 2528 indivisibilis
1357 2455 1391 2524 iu
1412 2452 1600 2525 indivisibili
1625 2453 1747 2524 unitate
1768 2479 1849 2536 suu,

274 2573 469 2646 adorandus.

324 2748 360 2820 V.
391 2746 1848 2852 Qui,postindivisamunionem,loquunturdeduobusneturis,duobusiiguris‚duobus

273 2853 364 2953 filiii,
384 2895 522 2969 quorum
542 2897 625 2942 unus
646 2897 665 2940 u
684 2871 777 2943 Putre
796 2886 827 2944 et
845 2872 926 2944 ulter
947 2885 1081 2944 amatre
1099 2873 1220 2957 Maria,
1239 2873 1273 2944 bi
1299 2871 1464 2972 desipiunt
1487 2870 1614 2943 Patrem
1638 2883 1845 2970 spernentes,

274 2990 354 3061 duos
371 2991 574 3088 agnoscendo
595 2991 707 3076 Filios,
723 3019 861 3092 quorum
885 3021 970 3066 unus
992 3007 1039 3066 est
1060 2995 1232 3078 naturalis,
1252 2992 1333 3067 alter
1350 2993 1559 3075 adventitium
1579 2991 1666 3063 unde
1684 2989 1848 3062 inducunt

274 3111 530 3194 Quaternitntem
547 3113 679 3212 suisque
698 3113 730 3184 in
747 3115 948 3188 sermonibus
966 3128 1108 3187 sanctem
1126 3115 1316 3186 Trinitatem
1333 3114 1504 3212 denegant.
1524 3115 1631 3187 Novus
1656 3113 1743 3184 Deus
1761 3111 1847 3182 odo-

273 3245 372 3318 retur,
389 3233 519 3305 initium
531 3233 686 3306 bobensa
702 3233 815 3307 Morio.
829 3235 946 3320 Porro,
961 3237 988 3308 si
1006 3263 1057 3309 res
1073 3237 1115 3308 ita
1134 3264 1166 3308 se
1178 3236 1334 3322 habeant,
1347 3249 1497 3308 errarunt
1515 3260 1626 3308 omnes
1639 3247 1752 3332 gentes
1765 3231 1846 3302 odo-

272 3353 374 3426 rando
391 3354 557 3427 hominem
574 3355 778 3440 crucifixum,
799 3356 951 3458 illiusque
972 3385 1088 3457 corpus
1109 3373 1140 3430 et
1155 3357 1347 3456 sanguinem
1366 3355 1505 3430 edendo.
1524 3353 1635 3455 (196)

946 3584 1171 3596 u—-u—-n-

991 3755 1119 3904 'nur

552 4072 775 4144 SANCTUS
812 4071 1108 4144 ALEXANDER
1144 4060 1557 4145 Auuxtuunlnus².

322 4461 389 4534 «Ex
412 4477 499 4536 tomo
519 4462 677 4562 encyclico
695 4488 793 4563 quem
814 4463 942 4563 scripsit
959 4490 1043 4563 pape
1065 4463 1244 4536 Alexander
1261 4461 1520 4564 archiepiscopus
1534 4460 1783 4542 Alexandrinus,
1798 4460 1841 4534 do
1970 4527 1971 4556 ,

270 4586 319 4655 «A
321 4583 373 4656 ide
383 4584 575 4668 orthodoxo,
592 4583 634 4655 ad
648 4598 791 4657 amantes
807 4585 866 4656 Dei
881 4586 1065 4686 episcopos,
1078 4586 1135 4685 qui
1153 4586 1276 4657 suntin
1293 4586 1441 4658 universo
1456 4585 1550 4668 orbe,
1563 4598 1594 4656 et
1609 4585 1660 4656 oui
1673 4609 1837 4655 assensum
1970 4563 1971 4598 r

270 4706 513 4806 «prestiterunt
530 4719 674 4777 umentes
689 4705 749 4777 Dei
766 4706 923 4805 episcopi,
940 4706 1014 4806 plus
1031 4707 1178 4778 minusve
1196 4705 1327 4779 ducenti
1345 4733 1498 4790 numero,
1516 4706 1600 4778 bono
1618 4705 1839 4804 suscriptionis

271 4826 468 4898 «termulum
492 4825 710 4899 adhibentes³.
731 4827 791 4899 Iste
809 4841 914 4899 tomus
934 4829 1075 4927 primum
1093 4828 1229 4928 scriptus
1245 4828 1307 4899 suit
1329 4828 1480 4900 adversus
1505 4827 1702 4928 impietatem
1720 4825 1787 4897 Arii
1805 4841 1839 4897 et

309 5043 314 5071 ¹
335 5035 392 5093 Hcec
405 5037 491 5103 verbe,
506 5040 527 5093 si
539 5039 566 5094 in
583 5059 656 5094 sensu
671 5039 772 5094 tirrerati
785 5045 941 5113 urgerentur,
957 5057 1015 5093 mo·
1090 5039 1361 5113 -2ctrd0m1tomy
1377 5040 1485 5104 Ceitlier,
1498 5039 1602 5094 Hictoire
1611 5037 1722 5114 ptohale
1734 5037 1774 5092 dec
1790 5057 1838 5092 ou-

270 5131 453 5204 nopbpsitorum
468 5151 578 5187 errorem
593 5133 715 5188 fulcirent.
727 5133 832 5196 Venno,
850 5140 1015 5206 preterquam
1091 5146 1155 5188 cedre
1173 5134 1373 5206 ccctdciastr'quer,
1388 5133 1448 5189 edit.
1466 5133 1549 5197 Vives,
1566 5133 1613 5198 ΙΙΙ,
1633 5150 1659 5206 p.
1677 5135 1727 5187 rob
1744 5139 1769 5186 et
1784 5150 1837 5206 seq.

269 5223 321 5278 bue
338 5224 404 5279 unde
421 5225 551 5300 desumpto
569 5228 620 5281 sint
638 5228 760 5281 incertum
780 5235 827 5290 cst,
843 5226 919 5280 nimis
932 5227 1015 5299 urgeri
1089 5229 1146 5267 -³
1165 5225 1358 5300 subscriptionis
1375 5225 1507 5280 formulam
1527 5226 1635 5302 reperiet
1651 5225 1683 5280 od
1702 5223 1778 5278 finem
1795 5243 1838 5278 se·

270 5337 318 5370 noo
332 5317 424 5372 debent
437 5326 522 5392 utpote
539 5319 602 5374 dicte
620 5327 678 5374 onte
692 5327 802 5374 exortem
817 5321 1013 5375 controversiam.
1090 5319 1165 5374 cundi
1178 5320 1322 5394 fragmenti,
1336 5319 1383 5373 nisi
1396 5319 1499 5375 sortedo
1511 5321 1558 5374 otia
1572 5319 1676 5374 immuta
1689 5318 1730 5373 bic
1739 5325 1836 5393 egetur.
