3980 6084
491 531 692 599 SANCTUS
723 529 990 597 tentanum
1021 529 1379 597 tttxnnuntrtus
1656 529 1722 594 1133

154 685 260 756 elium
280 694 534 756 resurrexerunt.
557 680 628 782 lpse
645 692 692 752 est
710 679 870 752 mediator
884 679 943 751 Dei
961 679 1190 763 ethominum‚
1210 679 1401 751 resurrectio
1414 692 1446 750 et
1461 677 1547 750 salus
1560 677 1724 761 omniurn,

155 806 243 878 adun
260 831 371 877 eorum
390 803 448 903 qui
460 801 635 885 salventur,
650 801 712 873 vita
728 801 857 873 illorum
874 800 932 900 qui
947 801 1066 872 mortui
1085 813 1178 884 sunt,
1194 801 1305 899 auriga
1320 800 1513 880 Cherubim,
1527 799 1724 898 Angelorum

155 925 430 1024 «antesignanus,
447 949 498 995 rex
515 951 646 1021 regum,
665 923 717 994 cui
737 921 841 1019 gloria
853 923 888 994 in
906 922 1021 1012 saecula
1039 924 1243 996 seculorum.
1259 922 1372 997 Amen.
1387 919 1499 1023 (199)

918 1211 967 1283 IV

157 1391 257 1437 strom
270 1389 447 1446 surranum,
461 1388 654 1434 serranorum
670 1385 817 1442 rrrsuorr,
833 1355 1067 1458 (notaremur)
1086 1385 1121 1428 m
1137 1385 1260 1430 uourus
1277 1385 1353 1430 nous
1371 1385 1468 1442 rrsrr,
1485 1387 1571 1432 curus
1586 1348 1701 1432 mirum
1718 1389 1725 1428 :

208 1511 308 1576 gerru
326 1509 481 1566 urrunnu,
509 1509 573 1563 oon
599 1508 656 1553 nou
678 1507 819 1565 stomun,
843 1507 928 1552 nonis
950 1507 1112 1552 nunuurnr
1128 1507 1259 1553 uoumus
1278 1507 1313 1551 er
1332 1506 1476 1552 sammon
1493 1507 1620 1564 rosam,
1642 1509 1728 1554 rusus

208 1608 431 1677 aeunrsrus¹.a

208 1781 305 1854 Pater
321 1780 419 1878 igitur
433 1778 521 1852 solus
544 1791 592 1851 est
616 1777 795 1876 ingenitus,
819 1775 876 1850 sed
900 1775 941 1848 ab
959 1789 1078 1849 eterno
1103 1776 1203 1850 Filius
1223 1790 1270 1850 est
1291 1777 1379 1879 apud
1403 1779 1549 1863 Petrem3
1575 1779 1730 1881 splendor

159 1901 245 1976 enim
259 1900 339 1972 lucis
351 1899 479 1972 dicitur.
492 1898 610 1982 Porro,
622 1897 712 1970 aliud
726 1911 774 1970 ost
787 1898 857 1982 lux,
869 1896 959 1970 aliud
969 1909 1018 1968 est
1034 1896 1198 1997 splendor,
1210 1924 1343 1998 nempe,
1357 1897 1430 1971 duae
1442 1925 1493 1970 res
1508 1926 1648 1999 quarum
1663 1924 1728 1970 una

159 2024 200 2098 ab
216 2022 316 2095 altera
334 2047 400 2094 non
417 2033 597 2123 separatur.
614 2021 681 2092 Lus
696 2032 744 2092 est
765 2045 862 2091 eausa
876 2017 1074 2118 splendoris3
1091 2018 1135 2090 ito
1156 2018 1251 2090 Pater
1273 2033 1320 2092 est
1339 2047 1435 2092 causo
1456 2020 1547 2102 Filii,
1571 2047 1637 2092 non
1659 2035 1729 2094 tan·

159 2171 257 2245 quam
273 2169 368 2216 eausa
383 2141 484 2243 partis
495 2167 561 2213 suae
580 2140 733 2241 alicujus,
752 2141 809 2212 sed
824 2153 979 2239 tanquam
995 2165 1091 2212 eausa
1108 2165 1253 2241 persone
1268 2139 1355 2212 illius
1372 2167 1469 2241 quarn
1485 2141 1598 2239 genuit
1613 2141 1729 2214 volun-

160 2279 224 2338 tate
237 2291 306 2337 sua.

930 2439 957 2510 V

212 2589 334 2663 Omnes
355 2588 521 2688 gentium²
540 2587 763 2688 generationes
788 2587 961 2661 audieruut
983 2601 1015 2660 et
1036 2587 1187 2661 viderunt
1207 2603 1371 2691 patratum
1397 2591 1495 2664 luisse
1520 2591 1730 2665 homicidium

161 2738 295 2794 novum,
312 2711 345 2782 in
362 2709 469 2782 medio
489 2710 578 2782 urbis
593 2709 707 2806 legalis
718 2709 913 2793 Jerusalem,
926 2709 1060 2782 civitatis
1070 2710 1299 2794 Hebraeorum,
1316 2712 1450 2785 civitatis
1465 2740 1537 2812 que
1551 2713 1733 2786 habebatur

161 2846 196 2905 ut
208 2833 307 2931 justa.
325 2831 429 2914 Quem
446 2844 554 2902 autern
571 2831 686 2903 occidit
699 2830 823 2912 civitas,
836 2830 989 2904 erubeseo
1005 2831 1127 2916 dicere;
1142 2845 1174 2902 et
1187 2845 1311 2916 tamen,
1327 2831 1432 2906 dicam
1445 2847 1581 2933 oportet.
1597 2834 1631 2907 Si
1646 2835 1732 2908 euim

160 2952 370 3026 homicidium
386 2967 484 3024 noctu
499 2951 549 3023 vel
564 2952 598 3023 in
612 2950 738 3023 deserto
755 2962 919 3050 patratum
937 2949 1064 3032 luisset,
1078 2951 1161 3023 forte
1180 2951 1274 3024 silere
1291 2953 1408 3025 melius
1424 2968 1524 3040 esset;
1543 2968 1592 3039 at,
1608 2957 1641 3027 in
1659 2955 1733 3057 ple-

161 3074 220 3146 teis
238 3073 371 3145 ciritatis
391 3086 422 3144 et
440 3099 547 3144 eoram
566 3070 717 3144 omnibus
733 3071 842 3143 iustus
857 3070 955 3168 impie
974 3069 1130 3142 occiditur
1147 3086 1178 3142 et
1193 3071 1373 3144 Altissimus
1389 3074 1510 3173 pariter
1526 3075 1683 3148 exaltatur
1698 3077 1732 3148 in

162 3193 267 3291 ligno,
284 3194 375 3291 eujus
391 3193 425 3264 in
442 3191 545 3292 eapite
559 3191 693 3292 ponitur
711 3190 821 3262 tabula
842 3189 983 3262 relereus
999 3217 1095 3290 quern
1117 3190 1232 3264 occidit
1252 3191 1372 3265 civitas.
1391 3193 1472 3276 Quis
1493 3221 1590 3295 porro
1611 3196 1734 3268 occisus

162 3314 228 3386 est?
243 3313 344 3385 Grave
367 3327 414 3386 est
431 3313 457 3384 si
477 3325 618 3396 taceam,
635 3337 746 3384 rerum
764 3311 791 3382 si
808 3311 926 3410 loquar
941 3311 1069 3408 gravius
1087 3311 1158 3386 erit.
1182 3312 1388 3414 Quapropter
1404 3314 1514 3387 audite
1531 3343 1586 3388 vos
1603 3329 1635 3388 et
1652 3343 1733 3389 eou-

161 3433 349 3518 tremiscite,
367 3433 521 3534 quoniam
537 3431 638 3534 ipsius
655 3457 751 3504 eausa
768 3431 960 3505 contremuit
974 3445 1070 3506 terra.
1087 3431 1151 3516 Qui
1164 3445 1283 3506 terram
1298 3435 1467 3534 suspendit
1482 3463 1656 3537 suspensus
1669 3450 1731 3521 est;

162 3556 220 3657 qui
237 3553 353 3628 ooelum
369 3555 436 3626 fixit
452 3554 565 3626 affixus
583 3567 646 3638 est;
663 3553 720 3653 qui
733 3553 842 3626 omnia
858 3553 1010 3637 sustinet,
1021 3553 1055 3625 in
1070 3553 1158 3652 ligno
1175 3554 1394 3655 suspenditur.
1408 3557 1566 3628 Dominus
1583 3557 1733 3630 conviciis

162 3677 294 3777 petitur,
313 3675 400 3748 Deus
417 3675 583 3759 occiditur,
600 3701 654 3746 rex
669 3673 948 3748 Israelisraelitiea
963 3702 1063 3748 mauu
1075 3675 1246 3748 extollitur.
1264 3674 1292 3749 Ο
1309 3676 1518 3750 caedesnoral
1538 3675 1566 3750 Ο
1585 3678 1733 3780 impietas

163 3797 325 3870 inaudita!
345 3796 503 3870 Dominus
518 3796 607 3869 nudo
626 3822 760 3897 corpore
783 3796 974 3879 ostenditur,
998 3822 1104 3896 neque
1127 3795 1245 3894 dignus
1267 3797 1335 3870 velo
1358 3797 1507 3872 habetur.
1527 3799 1734 3900 Quapropter

164 3932 249 3992 astra
267 3917 475 3991 revolvuntur
491 3931 523 3990 et
538 3917 606 3990 dies
622 3917 865 4001 obtenebratur,
881 3930 918 3988 ut
934 3943 1051 4018 corpus
1067 3917 1255 4017 cooperiant
1270 3917 1469 3992 denudatum
1488 3947 1679 4022 suspensum
1698 3921 1732 3992 in

163 4039 268 4138 ligno,
288 4065 353 4111 non
370 4053 406 4112 ut
422 4065 538 4140 corpus
555 4038 687 4111 Domini
706 4037 913 4112 tenebrosum
932 4038 1087 4138 efficiant,
1108 4038 1166 4112 sed
1188 4053 1225 4112 ut
1245 4039 1415 4112 hominum
1437 4039 1546 4114 oculos
1567 4041 1731 4116 claudent.

163 4160 309 4262 Populus
325 4160 411 4232 enim
432 4187 497 4233 non
516 4161 664 4242 tremuit,
682 4157 738 4232 sed
750 4172 833 4232 terra
850 4171 1009 4232 commota
1024 4173 1088 4246 est;
1104 4158 1244 4260 populus
1256 4155 1369 4261 (200)
1380 4161 1509 4234 territus
1526 4175 1664 4246 nonest,
1676 4163 1733 4236 sed

164 4283 281 4354 coslum
297 4281 439 4368 horruit;
454 4281 593 4381 populus
608 4280 723 4353 scissus
741 4306 806 4352 non
824 4293 887 4363 est,
907 4279 966 4352 sed
987 4278 1156 4353 «intonuit
1173 4281 1213 4352 de
1231 4280 1310 4353 cato
1330 4281 1487 4356 Dominus
1505 4297 1536 4356 et
1553 4283 1733 4358 Altissimue

161 4400 276 4474 adedit
291 4428 400 4474 vocem
421 4405 568 4472 suam³n

925 4576 973 4648 vl

214 4725 350 4799 Plenusl
366 4739 398 4798 et
411 4725 571 4826 perlectus
587 4738 634 4798 est
652 4725 756 4798 Pater.
773 4725 947 4798 Plenitudo
966 4723 1094 4798 deitatis
1110 4724 1197 4798 illius
1213 4739 1259 4799 est
1275 4726 1404 4801 Filium.

200 4941 208 4972 ¹
227 4937 280 4993 Hae
291 4939 368 4995 suncti
381 4938 512 4995 Alexandri
526 4939 693 5012 fragmentum
706 4897 809 4992 affertur
821 4939 847 4991 in
861 4937 911 4993 rol-
986 4939 1059 4992 unius
1072 4957 1104 4992 ea
1118 4940 1228 4994 trecentis
1242 4941 1356 4994 deremet
1372 4951 1422 4994 aeta
1440 4940 1553 4996 Patribus
1563 4945 1732 5020 fragmentum

163 5031 279 5085 leetunoie
296 5031 406 5102 syriacis,
424 5033 471 5087 sub
489 5032 581 5086 titulo:
599 5030 737 5104 Capitulum
753 5031 792 5101 (in
807 5049 854 5104 gna
870 5030 912 5084 de·
986 5031 1091 5086 homilia
1104 5031 1175 5104 eujus
1192 5033 1286 5086 initium
1300 5045 1335 5086 est
1348 5055 1357 5085 :
1370 5021 1477 5088 arladita
1490 5035 1574 5091 acrba.
1586 5077 1611 5092 ..
1625 5061 1672 5092 ..a
1694 5072 1731 5081 -

163 5125 321 5192 maneantur)
341 5122 437 5177 Patrem
455 5135 478 5178 st
503 5123 593 5179 Filium
614 5143 664 5178 asse
681 5123 744 5177 duas
765 5123 912 5194 operationes
986 5123 1097 5178 ³Psalm.
1111 5143 1171 5189 rsrr,
1189 5125 1231 5179 als.
1245 5157 1282 5166 -
1298 5125 1435 5181 ‘Tituluss
1454 5125 1539 5182 Sassats'
1552 5129 1688 5186 Alexandri
1702 5153 1734 5188 aa

164 5216 195 5284 (ι’.
208 5233 228 5267 a.
244 5217 380 5286 personas).
393 5221 452 5257 ·-’
467 5219 501 5272 En
517 5218 605 5272 titulus
619 5217 751 5291 fragmenti
760 5216 787 5270 in
800 5215 912 5270 collecta·
987 5217 1084 5271 lsonsilia
1102 5219 1172 5304 teritis
1187 5217 1302 5272 adversus
1317 5216 1428 5276 Ariassos.
1443 5253 1480 5262 -
1494 5225 1504 5256 ⁸
1518 5221 1558 5278 Ad
1575 5221 1734 5294 Calontenses,

166 5327 214 5362 noo
232 5315 317 5362 nosue
332 5330 339 5363 ε
354 5305 438 5362 Sancti
449 5307 600 5384 'Alexandr-i,
617 5307 776 5363 Alexandrini
794 5309 912 5381 episcopi,
988 5327 1020 5372 rr,
1035 5327 1060 5381 9.

1514 5453 1547 5502 228
