4006 6098
494 587 695 656 SANCTUS
726 589 987 656 GREGORIUS
1017 585 1393 655 THhUMhTURGUS.
1660 585 1726 652 3l17

161 739 238 812 mile
251 765 320 810 csse
335 737 384 810 illi
401 737 489 838 quod
502 765 578 810 voco
594 739 738 838 procedit
753 753 808 811 aut
825 739 977 812 inruente
993 739 1125 824 residat,
1138 737 1271 821 docent,
1286 739 1410 810 nullam
1426 737 1459 808 in
1476 761 1513 808 eo
1532 732 1728 836 hypostasim

162 861 353 932 confitentes
367 863 389 930 ¹.
733 855 737 862 ’

172 1156 175 1164 ‚
214 1063 255 1136 lt.
284 1065 352 1136 Hoc
363 1063 450 1136 enirn
461 1076 712 1136 consentaneum
723 1070 866 1166 contest
876 1065 1093 1136 ecclesiasticae
1105 1065 1297 1136 confessioni
1312 1089 1372 1136 nec
1383 1063 1517 1136 salutari
1528 1057 1731 1134 fideimundi

162 1183 244 1256 circa
268 1185 523 1257 incarnationem
542 1184 654 1268 Verbi,
675 1183 764 1283 quod
791 1185 922 1285 quidem
949 1185 1088 1286 praebuit
1113 1185 1254 1284 seipsum
1277 1185 1312 1256 in
1335 1183 1479 1256 humana
1501 1209 1613 1264 carne,
1632 1207 1733 1281 quam

163 1306 335 1406 assumpsit
348 1333 384 1377 ex
401 1304 519 1388 Maria,
537 1305 622 1376 idem
640 1327 798 1390 manens‚·
809 1306 888 1406 quin
904 1311 1025 1378 unam³
1040 1305 1253 1377 mutationem
1271 1319 1329 1376 aut
1343 1305 1553 1376 variationem
1570 1303 1604 1374 in
1623 1301 1729 1374 divina

163 1425 812 1526 suatessentiapateretur3c0mmirtu1n
830 1427 893 1498 luit
907 1440 1014 1498 autern
1034 1454 1108 1499 cum
1126 1453 1222 1498 carne
1240 1426 1274 1497 in
1292 1424 1470 1496 humanam
1487 1422 1733 1496 similitudinem

164 1561 199 1618 ut
210 1573 282 1619 caro
297 1545 454 1618 divinitati
470 1545 629 1632 uniretur,
641 1562 770 1648 accepta
784 1575 801 1618 a
816 1548 942 1620 Deitate
958 1548 1063 1620 carnis
1079 1547 1291 1648 passibilitate
1306 1547 1340 1618 in
1356 1546 1557 1618 exsecutione
1575 1542 1730 1642 mysterii.

161 1667 275 1738 Soluta
293 1681 398 1740 autem
416 1681 536 1751 morte,
554 1683 709 1767 perpetua
731 1668 971 1768 impassibilitas
988 1669 1023 1740 in
1041 1683 1151 1739 sancta
1170 1695 1264 1738 carne
1286 1681 1318 1738 et
1335 1665 1559 1738 immortalitas
1576 1663 1733 1736 immuta-

160 1787 234 1858 bilis
261 1789 395 1870 mansit,
418 1787 533 1859 virtute
562 1787 736 1860 divinitatis
765 1802 950 1888 recuperata
982 1787 1222 1888 pulchritudine
1252 1787 1412 1870 humana,
1438 1813 1509 1886 quae
1532 1813 1549 1856 a
1573 1783 1733 1884 principio

162 1907 239 1992 luit,
259 1909 477 2007 omnibusque
495 1907 568 1979 data
587 1907 791 1991 hominihus,
812 1935 883 1979 eam
899 1907 1089 1980 conciliante
1104 1907 1201 1979 fidet

215 2119 271 2192 lll.
301 2120 336 2192 Si
354 2119 487 2219 quidam
505 2146 579 2192 vero
601 2119 699 2192 ctiam
726 2121 778 2192 hic
799 2123 948 2193 mutant⁶
970 2120 1069 2192 fidem
1089 2121 1354 2202 sacerdotalem⁷,
1374 2117 1533 2192 divinitati
1555 2117 1736 2190 tribuentes

163 2267 236 2339 quae
257 2253 333 2312 sunt
354 2239 515 2324 humana,
539 2240 779 2326 educationem,
804 2241 986 2340 passiones,
1004 2241 1180 2341 gloriaque
1203 2254 1430 2339 augmentum
1448 2252 1544 2311 autu
1569 2237 1735 2309 divinitate

165 2365 280 2460 corpus
297 2361 386 2460 quod
400 2361 511 2434 crescit
528 2376 560 2434 et
577 2361 699 2461 patitur
715 2375 897 2447 removent,
916 2389 953 2434 ac
971 2363 998 2432 si
1016 2360 1122 2435 solum
1141 2362 1303 2442 existeret:
1321 2361 1357 2432 hi
1374 2385 1505 2460 quoque
1525 2371 1611 2434 extra
1631 2355 1735 2430 ecclc-

160 2481 318 2554 siasticam
345 2496 377 2554 et
393 2481 567 2554 salutarem
584 2497 659 2554 sunt
677 2483 921 2556 contessionem.
944 2482 1043 2554 Nemo
1071 2483 1171 2582 igitur
1199 2495 1305 2582 potest
1327 2507 1519 2579 cognoscere
1542 2480 1648 2552 Deum
1671 2478 1735 2549 nisi

162 2602 282 2674 Filium
300 2604 493 2699 cognoverit.
512 2604 678 2704 Sapientia
696 2603 783 2676 enim
800 2617 849 2676 est
860 2604 963 2676 Filius
980 2631 1045 2704 qua
1063 2605 1172 2676 omnia
1192 2619 1298 2676 creata
1316 2616 1401 2676 sunt.
1418 2602 1499 2702 lpse
1516 2615 1624 2673 autern
1644 2622 1737 2672 crea-

163 2736 241 2796 turae
257 2724 449 2823 sapientiam
467 2738 578 2796 notam
596 2726 720 2797 faciunt
736 2739 768 2798 ct
785 2727 873 2798 Deus
895 2726 929 2797 in
948 2726 1105 2824 sapientia
1129 2726 1343 2823 cognoscitur.
1364 2723 1450 2796 Talis
1473 2735 1582 2795 autem
1605 2721 1737 2822 sapien·

163 2844 222 2928 tia,
240 2845 346 2945 qualis
358 2859 406 2917 est
424 2845 500 2928 Dei,
519 2861 649 2918 nonest
666 2847 919 2945 sicutsapientia
937 2846 1094 2931 hominis,
1109 2847 1164 2918 sed
1182 2847 1327 2945 perlecto
1346 2871 1363 2917 a
1380 2846 1521 2944 perlecto
1539 2845 1606 2916 Deo
1625 2843 1734 2927 exivit,

163 2979 194 3038 et
211 2993 338 3066 semper
358 2980 484 3052 manet;
502 2993 570 3038 non
589 2967 675 3038 enim
694 2981 741 3038 ost
759 2980 796 3039 ut
813 2967 963 3064 cogitatio
976 2967 1135 3050 hominis,
1150 2995 1222 3064 quae
1235 2967 1364 3050 transit,
1383 2978 1415 3038 et
1428 2965 1562 3038 verbum
1580 2963 1667 3064 quod
1682 2963 1736 3035 lo-

163 3087 295 3186 quimur
307 3101 339 3158 et
354 3115 419 3158 non
436 3101 494 3158 est.
507 3087 628 3158 ldcirco
643 3113 710 3158 uon
727 3085 831 3157 solum
845 3101 892 3157 est
906 3087 1080 3184 sapientia,
1092 3086 1149 3158 sed
1164 3087 1265 3168 Daus3
1281 3113 1387 3185 neque
1400 3087 1505 3156 solum
1520 3084 1734 3168 estVerbum,

163 3207 220 3278 sed
242 3219 275 3278 et
299 3206 411 3278 Filius.
435 3207 508 3278 Sive
534 3206 606 3306 quis
631 3206 730 3304 igitur
754 3232 789 3276 es
815 3207 976 3278 creatione
1002 3204 1163 3301 intelligat
1186 3206 1306 3287 Deum,
1330 3205 1395 3276 sive
1421 3206 1539 3278 sanctis
1560 3205 1736 3302 Scripturis

164 3327 352 3410 instruatur,
372 3327 418 3397 nil
442 3327 564 3424 absque
587 3326 648 3398 Dei
671 3326 829 3425 sapientia
849 3325 964 3398 audire
983 3339 1040 3396 aut
1062 3351 1253 3423 cognoscere
1271 3325 1311 3396 de
1330 3326 1397 3397 Deo
1422 3338 1536 3424 potest.
1557 3323 1622 3406 Qui
1649 3337 1735 3396 recte

164 3449 290 3520 invocat
306 3448 427 3530 Deum,
445 3473 505 3547 per
522 3445 642 3518 Filium
657 3447 798 3530 invocat3
818 3462 850 3519 et
868 3448 925 3546 qui
943 3447 985 3518 ad
1003 3473 1094 3530 eum,
1111 3445 1383 3518 domesticorum⁸
1401 3471 1507 3528 more,
1521 3445 1658 3529 accedit,
1677 3471 1735 3544 per

164 3568 328 3638 Christum
342 3568 440 3639 venit.
456 3567 614 3640 Accedere
628 3581 735 3640 autem
754 3568 796 3639 ad
814 3569 932 3640 Filium
950 3567 1148 3668 impossibile
1164 3581 1211 3640 est
1228 3568 1299 3640 sinc
1314 3567 1437 3666 Spiritu
1453 3567 1583 3639 Sancto.
1595 3565 1735 3665 Spiritus

165 3689 252 3760 enirn
270 3700 318 3759 est
334 3688 396 3760 vita
414 3701 445 3760 et
462 3688 641 3761 similitudo
664 3703 773 3762 sancta
790 3690 1025 3762 universorum.
1045 3688 1140 3760 Hunc
1162 3689 1293 3762 mittens
1310 3688 1399 3760 Deus
1415 3714 1474 3788 per
1491 3685 1626 3771 Filium,
1646 3713 1737 3758 crea-

165 3823 272 3880 turam
291 3809 354 3881 sibi
367 3809 507 3882 similem
525 3810 631 3881 allicit.

217 4029 269 4102 lV.
298 4029 388 4103 Unus
405 4030 504 4128 igitur
517 4031 611 4103 Pater
629 4032 733 4115 Deus,
754 4059 839 4104 unus
856 4034 881 4105 F
883 4033 982 4105 ilius⁰
999 4034 1158 4114 Verbum,
1173 4061 1257 4106 unus
1275 4033 1416 4131 Spiritus
1429 4033 1490 4104 vita
1508 4029 1736 4104 sanctificatio-

165 4178 228 4250 quc
254 4152 410 4223 omnium.
430 4151 470 4224 Et
494 4178 559 4223 non
586 4166 634 4224 est
655 4153 740 4224 Deus
763 4152 862 4238 alius,
882 4169 918 4225 ut
940 4155 1050 4240 Pater3
1072 4181 1178 4255 neque
1200 4154 1300 4226 Filius
1326 4153 1426 4236 alius,
1445 4166 1482 4224 ut
1497 4151 1638 4224 Verbum
1657 4151 1733 4232 llei3

166 4299 272 4372 neque
290 4271 430 4371 Spiritus
454 4271 551 4358 alius,
575 4287 611 4345 ut
633 4273 836 4344 sanctificans
848 4278 875 4319 ¹⁰
892 4287 924 4345 et
945 4275 1118 4347 vivificans.
1139 4275 1224 4359 lmo,
1246 4273 1305 4346 etsi
1323 4273 1374 4345 Dii
1399 4287 1431 4345 et
1450 4273 1524 4345 Filii
1543 4287 1573 4344 et
1593 4271 1734 4371 Spiritus

164 4406 318 4466 vocentur
335 4393 451 4476 sancti,
473 4403 579 4463 tamen
598 4419 664 4464 non
683 4391 806 4492 Spiritu
829 4394 996 4493 replentur
1013 4393 1115 4496 (84),
1136 4423 1242 4494 neque
1265 4395 1385 4466 similes
1405 4407 1480 4465 sunt
1502 4393 1584 4465 Filio
1604 4406 1636 4464 et
1653 4391 1732 4464 Deo.

36 4565 40 4574 .
164 4513 199 4586 Si
225 4514 297 4613 quis
312 4539 386 4584 vero
405 4511 482 4583 dicit
504 4512 547 4583 ita
567 4512 685 4583 Filium
704 4541 772 4584 esse
796 4514 899 4586 Deum
917 4543 952 4586 ac
971 4516 997 4586 si
1015 4515 1156 4616 repletus
1177 4517 1244 4616 ipso
1270 4515 1366 4587 luerit
1385 4514 1519 4598 deitate,
1539 4540 1604 4585 non
1626 4525 1733 4584 autem

165 4635 240 4734 quia
257 4634 361 4705 editus
378 4633 440 4704 luit
463 4661 480 4704 a
506 4633 647 4717 Deitate,
664 4635 791 4730 negavit
808 4635 967 4719 Verbum,
991 4638 1118 4733 negavit
1143 4637 1349 4736 sapientiam,
1370 4636 1477 4708 amisit
1494 4633 1676 4716 scientiam,
1696 4633 1735 4704 il-

201 4885 209 4914 ¹
229 4881 275 4937 Hic
284 4889 364 4937 textus
375 4883 461 4955 syriaci
470 4881 543 4937 verbe
552 4904 559 4936 r
569 4883 678 4956 thal>
692 4867 800 4950 lbra&
815 4883 862 4949 Va,
873 4903 910 4940 re·
985 4905 1061 4941 onem
1071 4885 1282 4957 (admittentests
1295 4889 1351 4926 -³
1371 4885 1413 4940 Gr.
1429 4885 1509 4937 omitt.
1525 4903 1606 4936 onon.
1615 4883 1670 4923 -⁸
1689 4882 1732 4937 Gr,

163 4973 247 5028 mittas
255 4975 287 5028 sd
296 4975 397 5029 initium
410 4977 536 5049 sequentis
547 4976 641 5041 alinea,
652 4985 681 5031 ut
690 4995 778 5031 sensus
790 4977 908 5050 postulat,
985 4980 1059 5053 paulo
1072 4979 1144 5034 aliter
1163 4981 1242 5037 seluo
1260 4980 1428 5047 paurum.
1442 5009 1480 5044 ss
1494 4979 1503 5009 ⁸
1522 4975 1560 5030 Cf.
1572 4977 1646 5030 aliam
1658 4975 1734 5048 hujus

163 5066 309 5120 velim-¹
327 5068 385 5132 Hic,
401 5069 427 5121 in
440 5070 531 5140 syriaca
547 5071 670 5134 ammons,
685 5069 785 5123 additur
798 5089 858 5132 noo,
872 5071 910 5124 vel
984 5073 1032 5126 loci
1040 5073 1178 5127 versionem
1193 5070 1258 5124 infra
1268 5071 1300 5134 B,
1312 5075 1346 5133 1’,
1357 5089 1413 5144 pag.
1424 5069 1548 5124 356.—⁸
1559 5069 1602 5123 Gr.
1613 5088 1734 5142 παραχα-

163 5159 246 5233 prioro
258 5158 334 5231 hujus
343 5161 471 5234 pericopes
479 5161 552 5216 verba
563 5162 712 5246 remittenda
724 5167 782 5216 suot
792 5161 824 5215 ad
834 5161 910 5216 finem
985 5164 1111 5237 penam,
1122 5167 1179 5205 -⁷
1193 5164 1237 5218 Gr.
1248 5165 1319 5237 ἱερὸν
1329 5163 1426 5216 etates.
1435 5163 1489 5201 -⁸
1504 5163 1547 5217 Gr.
1559 5163 1663 5224 otuelus,
1674 5179 1733 5236 pro·

162 5249 396 5326 praecedentiam:
412 5254 707 5326 «nequeeoclesiesticam
718 5253 908 5318 contessionem,
985 5255 1047 5329 pn'e.
1062 5259 1121 5298 -t
1139 5257 1182 5310 Gr.
1203 5255 1284 5309 omitt.
1300 5255 1395 5310 Filiam.
1413 5285 1451 5296 -—
1469 5256 1487 5288 ¹·
1506 5255 1549 5308 Gr.
1571 5253 1691 5328 defleam
1710 5265 1733 5308 et

163 5343 308 5418 «fidemque
325 5343 419 5399 mundo
437 5347 568 5400 salutarem
588 5347 650 5400 circa
666 5345 738 5401 Verbi
758 5347 909 5402 incarnatio·
985 5347 1142 5420 smoficam.
