4006 6098
228 528 294 594 392
580 526 751 593 utrumn
779 525 1177 592 rlNTENlCAENOIlUM
1203 526 1444 594 lottecar.

278 677 342 748 XV.
372 677 535 760 Quoniam
553 675 698 747 Gentiles
713 674 911 772 interrogaro
930 675 1035 747 solent
1052 674 1171 760 ludaei,
1191 675 1390 774 postulantes
1407 703 1448 747 an
1468 676 1614 748 Christus
1631 677 1672 748 sit
1695 679 1797 762 Deus,

228 797 312 868 clare
335 823 523 897 responsum
546 794 640 868 nobis
662 794 808 867 dandum
829 807 876 867 est
894 825 904 866 τ
923 797 1027 868 &um
1047 795 1181 895 quidem
1199 795 1364 869 Christum
1385 823 1453 869 esse
1479 811 1596 870 natura
1612 799 1798 898 factumque

229 918 325 990 fuisse
342 918 524 1001 hominem,
543 930 576 990 at
598 945 664 990 non
689 917 869 988 seeundum
893 928 1055 988 naturam.
1074 917 1111 988 ld
1129 917 1328 989 affirmamus
1344 931 1376 990 et
1392 945 1466 990 vere
1483 919 1660 1003 credimus,
1680 920 1798 991 imma-

228 1038 340 1111 culata
356 1038 546 1136 virginitatis
566 1037 670 1136 sigilla
691 1050 787 1109 testes
804 1038 1003 1122 invocantes,
1018 1049 1054 1109 ut
1074 1049 1197 1110 constet
1214 1038 1319 1110 Deum
1330 1057 1405 1110 'esse
1426 1039 1697 1138 omnipotentem,
1712 1067 1799 1138 quo·

229 1160 332 1242 niam,
347 1171 383 1231 ut
401 1172 526 1231 creator
544 1159 645 1242 uteri,
661 1159 809 1230 inventor
826 1171 1028 1258 assertorque
1043 1157 1249 1256 virginitatis,
1264 1185 1346 1258 pure
1364 1159 1518 1232 nascendi
1533 1159 1670 1232 modurn
1684 1159 1796 1258 elegit,

230 1281 396 1380 factusque
409 1294 457 1353 est
473 1281 588 1364 homo,
604 1294 640 1352 at
654 1279 766 1351 voluit.
794 1323 795 1328 κ

280 1457 360 1530 XVI.
389 1457 449 1530 Dic
471 1457 565 1541 mihi,
584 1455 746 1542 eludare,
763 1457 947 1558 perperitae
965 1457 1072 1556 virgo,
1091 1485 1134 1529 au
1157 1457 1248 1530 non?
1267 1457 1301 1530 Si
1322 1458 1408 1530 enim
1436 1457 1578 1558 peperit,
1596 1455 1683 1529 illius
1704 1455 1798 1530 crede

230 1579 338 1679 partui
361 1605 443 1651 novo
464 1591 495 1650 et
513 1577 664 1650 mirabili.
684 1579 719 1651 Si
741 1591 849 1651 autem
873 1606 939 1650 non
958 1577 1099 1678 peperit,
1118 1605 1175 1650 eur
1192 1577 1346 1678 decepisti
1365 1577 1529 1650 Herodem
1546 1605 1619 1648 cum
1636 1605 1655 1648 a
1671 1589 1703 1649 te
1721 1605 1799 1678 pos-

231 1699 351 1771 tularet
368 1731 377 1770 ι
397 1699 483 1772 «Ubi
506 1699 597 1772 lesus
626 1699 772 1772 Christus
795 1713 979 1772 nasceretur
993 1703 1042 1769 Ι.»
1066 1699 1178 1772 Dixisti
1205 1698 1321 1770 enim:
1344 1698 1405 1770 alu
1431 1697 1620 1770 Bethlehem
1644 1697 1800 1770 ludahn

231 1819 397 1922 Numquid
417 1849 476 1918 ego
502 1819 611 1892 locum
630 1821 801 1921 vicumque
823 1819 917 1892 novi?
939 1819 1104 1919 Numquid
1123 1832 1236 1920 partus
1252 1819 1387 1892 modum
1407 1819 1582 1903 scivissem,
1601 1817 1698 1920 (uisi)
1713 1819 1803 1919 prius

232 1943 292 2014 hoc
310 1942 481 2043 Propheta
499 1942 752 2039 significassent?
769 1943 870 2014 lsaias
885 1953 994 2013 autem
1015 1968 1091 2013 eum
1112 1956 1203 2014 vocat
1219 1942 1345 2013 Deum:
1363 1941 1483 2038 rlfirgo
1501 1940 1675 2041 concipiet,
1692 1940 1752 2024 ait,
1771 1952 1803 2012 et

232 2063 360 2162 «pariet
378 2062 483 2134 filium
498 2076 530 2135 ct
544 2062 710 2136 vocabitur
728 2089 849 2136 nomen
865 2063 936 2161 ejus
954 2061 1146 2134 Emmanuel
1154 2067 1205 2133 ³.»
1225 2062 1321 2146 Quod
1341 2063 1586 2161 interpretatum
1605 2061 1724 2133 dicitur
1741 2088 1803 2133 no-

231 2183 354 2256 biseum
372 2185 470 2256 Deus.
490 2184 626 2268 Veram,
641 2184 669 2254 si
690 2183 861 2283 prophetia
884 2197 958 2255 acta
980 2183 1139 2283 completa
1161 2183 1274 2266 fuerit,
1295 2183 1425 2255 credere
1446 2182 1581 2255 dehetis.
1601 2183 1715 2254 Nonne
1732 2209 1803 2266 vos,

233 2307 291 2377 etsi
310 2305 474 2378 veritatem
493 2305 739 2404 impugnantes,
755 2317 869 2406 sponte
888 2305 1116 2377 manifestastis
1130 2305 1316 2377 veritatem?
1333 2305 1372 2377 Et
1390 2331 1476 2377 nunc
1499 2303 1665 2402 denegatis
1683 2317 1714 2375 ct
1739 2331 1804 2376 non

234 2427 378 2498 creditis!
401 2427 515 2498 Nonne
532 2425 653 2497 Scriba
675 2438 708 2496 et
729 2425 898 2510 Pharisaei,
918 2425 975 2526 qui
997 2439 1081 2498 certe
1105 2440 1260 2498 noverant
1278 2425 1411 2524 legem,
1429 2449 1488 2496 nos
1510 2424 1691 2496 docuerunt
1715 2451 1806 2525 quae-

235 2573 373 2647 cumque
396 2573 451 2619 eos
473 2546 659 2619 revincunt?
674 2546 838 2646 Numquid
863 2573 921 2618 nos
948 2574 1093 2646 unquam
1117 2545 1328 2620 Hebraeorum
1351 2545 1525 2618 didicimus
1550 2545 1721 2643 linquam?
1743 2545 1806 2617 Vos

236 2667 329 2738 nohis
352 2679 385 2738 et
402 2667 535 2764 Legem,
555 2679 587 2736 et
601 2665 781 2765 Prophetas
798 2666 989 2750 tradidistis,
1006 2667 1185 2766 explicastis
1202 2681 1234 2740 et
1254 2666 1418 2739 docuistis.
1435 2665 1522 2748 Ouid
1538 2691 1612 2738 vero
1625 2666 1703 2738 inde
1720 2665 1807 2738 didi·

236 2788 354 2868 cimus,
376 2787 437 2858 nisi
455 2785 559 2886 quod,
578 2800 652 2858 ante
671 2801 800 2887 partum
823 2800 855 2859 et
877 2801 949 2886 post
963 2800 1107 2886 partum,
1125 2788 1221 2885 Virgo
1241 2789 1274 2860 in
1294 2787 1476 2886 virginitate
1494 2813 1552 2858 sua
1575 2787 1806 2886 permanserit?

237 2907 371 2991 Quodsi
384 2908 428 2978 ita
443 2906 501 2992 sit,
513 2934 571 2978 cur
583 2933 642 2980 nos
655 2909 777 2979 cultum
793 2921 946 3009 praestare
961 2909 1029 2980 Deo
1044 2908 1226 3007 denegatis,
1239 2909 1335 2993 dum,
1346 2909 1390 2980 ita
1403 2907 1588 3009 loquentes,
1600 2935 1668 2980 rem
1681 2908 1806 3007 scriptis

238 3029 498 3101 demonstramus
518 3029 649 3101 vestris?
665 3029 778 3100 Nonne
803 3043 836 3102 et
853 3057 924 3113 vos,
949 3056 1021 3100 cum
1049 3029 1195 3103 Herodes
1216 3057 1270 3102 vos
1297 3030 1541 3128 interrogasset,
1559 3029 1594 3100 in
1619 3041 1730 3101 testem
1758 3027 1807 3099 illi

237 3149 407 3220 lliohaeam
432 3147 609 3220 adduxistis
633 3150 842 3249 prophetam,
864 3151 1029 3250 cupientes
1056 3164 1197 3222 vestrum
1223 3151 1414 3222 confirmare
1439 3177 1622 3224 sermonem
1648 3149 1807 3250 illumque

239 3270 366 3342 efficere
382 3269 663 3342 credibilem?aEt
677 3270 931 3356 tuBethlehcm,
943 3271 1233 3371 domusllphratee,
1248 3299 1313 3344 non
1331 3270 1361 3373 (l
1372 3271 1433 3372 dl)
1444 3299 1477 3344 es
1492 3271 1707 3344 imminutaiu
1718 3271 1808 3370 prin·

241 3392 392 3493 «cipibus
411 3391 514 3465 luda.
534 3392 577 3463 Er
601 3406 633 3465 te
650 3392 737 3464 enim
757 3391 838 3464 exiet
858 3393 921 3464 dux
947 3393 1004 3492 qui
1024 3407 1116 3490 regat
1132 3393 1290 3492 populum
1309 3421 1417 3465 mcum
1433 3393 1531 3465 lsrael
1541 3396 1593 3464 ⁴.»
1616 3393 1712 3464 Recte
1729 3391 1809 3463 dixit

240 3513 423 3612 Propheta:
445 3513 513 3584 «Ex
530 3525 560 3584 tc
576 3513 672 3597 exiet,
683 3545 701 3582 a
715 3513 869 3612 quoniam
889 3513 1011 3584 avohis
1030 3514 1120 3596 exiit,
1137 3514 1266 3586 recessit
1284 3527 1316 3585 ct
1332 3514 1368 3584 in
1382 3513 1507 3586 mundo
1525 3512 1687 3585 credibilis
1706 3513 1808 3584 factus

240 3633 394 3717 ostonis
417 3646 463 3704 cst
486 3633 572 3705 enim
596 3633 651 3705 illc
677 3633 736 3733 qui
757 3632 923 3732 egreditur
944 3633 1067 3734 quique
1090 3661 1155 3706 non
1180 3636 1345 3708 remanet?
1364 3635 1421 3706 llle
1445 3661 1510 3706 non
1534 3649 1582 3706 est
1602 3633 1685 3706 alius
1709 3660 1807 3734 quam

240 3755 297 3855 qui
317 3768 365 3827 est
382 3767 457 3828 ante
475 3755 606 3838 saeculo,
625 3755 682 3854 qui
701 3755 735 3826 in
756 3769 912 3827 aetornum
933 3755 1104 3854 perdurat,
1123 3755 1179 3855 qui
1198 3768 1246 3828 est
1264 3782 1358 3830 verus
1374 3756 1461 3828 Deus
1480 3757 1514 3827 in
1532 3753 1655 3828 mundo
1677 3780 1810 3828 convor-

240 3903 326 3948 sans.

292 4053 385 4125 llllll.
415 4055 452 4126 ln
476 4053 537 4126 hoc
558 4081 677 4150 magno
702 4055 878 4127 festivitatis
896 4054 964 4140 die,
985 4056 1071 4127 Deus
1094 4054 1245 4157 apparuit
1265 4070 1301 4128 ut
1318 4057 1432 4139 homo,
1451 4068 1488 4126 ut
1510 4053 1675 4126 lsraelitici
1697 4049 1810 4151 poptdi

242 4187 361 4275 pastor,
380 4175 437 4274 qui
453 4203 581 4247 omnem
599 4176 758 4248 mundum
776 4175 943 4248 vivificavit
960 4203 1018 4246 sua
1033 4175 1189 4250 bonitate.
1207 4175 1235 4248 Ο
1253 4175 1420 4248 necessarii
1433 4175 1648 4276 praeliatores,
1668 4172 1811 4270 olitiga-

244 4310 328 4368 tores
338 4296 479 4398 hominis
490 4311 651 4382 amantes,
663 4297 718 4398 qui
734 4296 923 4370 Bethlehem
939 4297 1043 4368 Deum
1060 4297 1284 4369 absconditum
1300 4297 1484 4397 filiumque
1500 4297 1560 4369 [lei
1576 4294 1811 4395 praedicarunt,

242 4417 299 4518 qui
325 4417 469 4490 omnium
489 4419 664 4490 Dominum
684 4418 718 4489 in
740 4418 896 4520 praesepio
914 4418 1068 4490 latentem
1087 4417 1292 4491 manifestum
1311 4419 1502 4502 effecerunt,
1519 4418 1575 4518 qui
1592 4417 1626 4488 in
1644 4443 1741 4516 specu
1761 4441 1814 4485 se-

244 4538 375 4610 dentem
393 4553 529 4637 angusto
549 4551 584 4609 ut
600 4539 704 4610 Deum
724 4541 961 4611 monstrarunt!
980 4539 1074 4611 lnviti
1089 4552 1120 4610 et
1136 4552 1251 4638 praeter
1267 4566 1359 4610 suam
1375 4539 1571 4610 voluntatem
1591 4537 1815 4609 benefactores

245 4661 336 4730 liunt.
361 4659 446 4731 Bene
468 4672 569 4757 agunt
589 4686 700 4731 veram
723 4659 838 4759 impie,
863 4658 1092 4731 obsistentibus
1110 4659 1205 4744 votis,
1228 4659 1399 4758 quoniam,
1416 4658 1548 4760 quando
1569 4657 1624 4729 alii
1647 4655 1812 4758 celabant,
1863 4639 1868 4644 ’

244 4779 315 4863 alii,
331 4779 405 4851 licet
423 4808 488 4853 non
505 4780 687 4864 credentes,
703 4780 896 4852 revelarunt.
911 4780 1007 4852 Vides
1023 4780 1186 4879 quomodo
1202 4780 1349 4852 doctores
1364 4781 1469 4877 ignari
1485 4780 1620 4852 edocent
1639 4777 1726 4878 quod
1742 4803 1815 4847 nes-

244 4900 353 4972 ciunt?
376 4900 473 4972 Name
495 4913 634 5001 pereunt
654 4914 686 4971 et
706 4901 785 4974 alios
807 4900 968 4972 nutriunt.
985 4900 1107 4971 Sitiunt
1123 4913 1153 4972 et
1171 4900 1241 4972 aliis
1261 4916 1374 5002 potum
1393 4901 1576 5001 porrigunt.
1593 4899 1709 4972 Adeste
1727 4924 1815 4968 nunc

245 5047 456 5120 annuumque
472 5021 588 5094 festum
606 5050 679 5094 cum
692 5022 801 5093 laetitia
818 5019 1026 5093 celebremus.
1042 5021 1134 5093 Novae
1153 5035 1229 5094 sunt
1239 5022 1417 5095 festivitatis
1433 5023 1536 5120 leges,
1548 5021 1703 5122 quoniam
1718 5017 1815 5091 mira-

244 5141 326 5214 lrilcs
343 5156 419 5213 sunt
437 5143 533 5215 etiam
554 5159 665 5244 partus
683 5145 833 5216 rationes.
898 5140 903 5148 ’

283 5303 288 5384 f
310 5297 394 5354 Movit.
408 5319 439 5362 ιι,
459 5302 499 5354 rh.
513 5307 570 5342 -¹
585 5301 644 5356 [hid.
657 5304 680 5355 ἴ).
695 5335 731 5343 --
746 5306 755 5334 ³
770 5301 861 5368 lacior,
874 5321 920 5367 vu,
942 5304 983 5356 vd.
996 5335 1031 5343 —
1045 5303 1053 5338 ¹
1069 5301 1141 5356 tttet.
1155 5321 1177 5365 v,
1190 5323 1213 5356 u.
1229 5301 1271 5356 Cfr
1286 5300 1371 5355 ttarrt.
1385 5319 1416 5362 vv,
1433 5302 1459 5354 6.
