4006 6098
711 571 913 638 SANCTUS
940 572 1202 639 exculenus.
1672 572 1734 638 3ltl

172 730 204 792 et
225 716 293 790 sine
316 709 567 818 supplicatione,
593 719 712 818 petitu,
737 721 996 820 conscientiaque
1022 720 1140 819 plebis,
1160 720 1248 791 nulla
1271 719 1367 791 etiarn
1391 718 1581 816 aegritudine
1604 731 1741 815 urgente

172 852 228 910 aut
249 838 311 910 aliu
332 840 443 939 quavis
461 839 649 911 necessitate
670 853 818 937 cogente,
835 867 896 940 pax
915 843 945 913 ei
966 840 1205 914 concederetur.
1224 841 1357 923 Verum,
1375 866 1448 912 cum
1466 867 1483 911 a
1503 839 1596 911 nohis
1612 865 1740 940 prepa-

171 973 278 1032 ratum
291 971 323 1031 et
337 959 527 1060 dispositum
546 961 656 1032 multis
675 961 786 1034 luisset
804 963 992 1046 concilium,
1010 962 1246 1060 opinionesque
1263 961 1389 1032 libratos
1403 960 1554 1042 fuissent,
1573 960 1675 1041 visum
1694 973 1741 1030 est

171 1094 203 1152 et
218 1080 340 1179 placuit
357 1080 450 1152 nohis
466 1081 703 1182 reprehendere
721 1096 753 1154 et
767 1081 939 1181 objurgare
957 1082 1078 1154 socium
1098 1095 1260 1165 nostrum,
1279 1082 1366 1180 quod
1388 1095 1507 1153 temere
1529 1081 1590 1152 hoc
1612 1081 1738 1164 fecerit,

171 1215 203 1272 et
220 1201 406 1273 instruxisse
423 1202 560 1301 nequid
577 1201 640 1274 tale
656 1202 697 1274 dc
713 1217 825 1276 caetero
844 1204 956 1276 faciat:
977 1229 1088 1303 pacem
1101 1215 1209 1274 tumen
1224 1202 1530 1301 quomodocumque
1544 1229 1561 1272 a
1575 1201 1739 1274 secerdote

171 1321 231 1394 llei
248 1322 349 1394 semel
372 1322 481 1394 datam
501 1309 571 1394 'non
590 1323 773 1423 putavimus
793 1323 915 1395 irritam
938 1349 1005 1394 esse
1025 1322 1227 1405 hahendam,
1248 1349 1284 1394 ac
1303 1348 1361 1421 per
1378 1321 1438 1392 hoc
1458 1321 1574 1393 Victori
1597 1349 1740 1394 commu-

171 1442 303 1514 nionem
320 1443 383 1515 sihi
399 1470 582 1515 concessam
600 1470 758 1543 usurpare
773 1445 990 1544 permisimus.

222 1620 264 1692 ll.
293 1621 402 1704 Ouum
428 1620 550 1693 diversa
571 1621 634 1692 sint
655 1651 727 1722 quae
751 1623 856 1695 dixisti
878 1621 918 1693 de
939 1623 1117 1696 inlantihus
1140 1624 1213 1724 qui,
1232 1625 1317 1695 intra
1339 1623 1517 1695 secundum
1542 1622 1589 1696 vel
1609 1624 1739 1695 tertium

170 1741 257 1814 diem
275 1769 340 1840 quo
356 1741 423 1813 uati
437 1755 511 1813 sunt
522 1741 702 1826 constituti,
718 1743 902 1845 baptizandi
919 1771 985 1816 non
1002 1755 1101 1828 sunt,
1112 1758 1143 1814 et
1158 1743 1425 1815 considerandam
1446 1743 1538 1816 nobis
1554 1771 1620 1816 esse
1635 1743 1740 1844 legem

171 1861 420 1935 circumcisionis
436 1862 593 1962 antiquas,
612 1862 655 1933 ita
676 1876 725 1945 ut,
745 1878 818 1936 ante
835 1877 980 1937 octavum
998 1863 1102 1948 dienx,
1120 1892 1195 1936 eum
1214 1865 1270 1964 qui
1289 1877 1383 1936 natus
1400 1876 1446 1935 est
1462 1864 1690 1964 baptizandum
1709 1877 1741 1935 et

170 1983 436 2056 sanctificandum
453 2010 521 2055 esse
534 1996 648 2083 putare
663 2011 729 2056 non
744 1985 934 2068 debeamus,
945 1985 1041 2082 longe
1057 1985 1145 2057 aliud
1164 1985 1198 2056 in
1211 1983 1346 2056 concilio
1364 1997 1472 2056 nostro
1486 1983 1740 2056 nobisomnibus

170 2105 273 2176 visum
291 2117 348 2176 est.
369 2104 405 2175 ln
423 2104 484 2176 hoc
501 2105 588 2175 eninr
606 2104 695 2204 quod
716 2119 750 2176 tu
767 2106 904 2205 putabas
923 2133 990 2178 esse
1006 2105 1190 2178 laciendum
1209 2133 1303 2176 nemo
1325 2105 1500 2190 consensit,
1521 2104 1579 2176 sed
1601 2103 1740 2176 universi

169 2225 277 2324 potius
291 2225 505 2326 judicavimus
520 2225 647 2296 nullum
662 2225 826 2297 hominem
841 2239 953 2297 natum
967 2225 1187 2297 misericordia
1207 2225 1266 2296 Dei
1285 2237 1316 2296 et
1333 2225 1436 2323 gratia
1457 2227 1526 2323 ejus
1541 2223 1740 2298 defraudan-

171 2345 249 2416 dum
270 2371 348 2418 esse.
372 2346 452 2417 Nam
474 2373 547 2418 cum
572 2343 719 2418 Christus
741 2347 826 2418 dicat
846 2347 879 2418 in
904 2345 1097 2443 Evangelio:
1117 2346 1243 2419 «Filius
1259 2345 1399 2418 hominis
1422 2373 1488 2416 non
1507 2345 1592 2417 venit
1615 2345 1739 2421 animas

168 2463 364 2538 «hominum
381 2466 517 2566 perdere
535 2466 592 2539 sed
609 2467 786 2552 salvaro¹,n
801 2468 1005 2569 quantumin
1018 2467 1111 2538 nohis
1127 2479 1190 2551 est,
1205 2467 1231 2538 si
1247 2466 1318 2538 fieri
1334 2480 1454 2566 potest,
1472 2494 1513 2538 ne
1527 2493 1592 2537 una
1606 2466 1736 2567 quidem

167 2586 276 2658 anima
294 2615 312 2658 a
327 2587 420 2660 nohis
435 2588 602 2686 perdenda
622 2602 679 2660 est.
702 2588 791 2672 Ouid
808 2589 895 2661 euim
912 2615 1015 2689 puero
1039 2587 1129 2660 deest
1145 2589 1203 2687 qui
1224 2587 1323 2659 semel
1347 2587 1380 2658 in
1399 2599 1491 2659 utero
1511 2587 1570 2660 Dei
1587 2585 1737 2676 man-ihus

168 2707 344 2805 plasmatus
360 2708 426 2780 est?
444 2707 542 2781 Nobis
560 2709 647 2781 enim
662 2723 759 2809 atque
779 2709 880 2781 oculis
901 2709 1017 2782 nostris
1032 2709 1210 2782 secuudum
1231 2708 1356 2780 dicrum
1374 2707 1575 2780 secularium
1590 2709 1736 2791 cursum,

170 2827 313 2926 accipere
329 2829 385 2928 qui
399 2829 467 2900 uati
479 2842 555 2900 sunt
571 2829 808 2902 incrementum
821 2844 989 2930 putantur.
1001 2831 1025 2901 A
1037 2830 1104 2902 Deo
1120 2844 1228 2902 eutem
1245 2857 1318 2901 cum
1336 2830 1400 2900 sint
1414 2856 1625 2930 quaecumque
1637 2828 1736 2910 hunt,

169 2948 229 3020 Dei
247 2949 375 3020 lactoris
392 2951 557 3052 majestate
573 2962 605 3021 et
623 2976 719 3049 opere
734 2951 803 3047 ejus
821 2950 961 3048 perfecta
980 2962 1065 3022 sunt.

198 3151 199 3154 ’
221 3124 275 3196 ΙΙΙ.
304 3125 379 3196 Esse
398 3125 539 3224 denique
559 3123 647 3225 apud
665 3151 791 3207 omnes,
813 3125 877 3196 sive
897 3125 1052 3207 infantes,
1071 3124 1136 3196 sive
1154 3126 1292 3222 majores
1313 3137 1406 3210 natu,
1425 3153 1523 3197 unam
1540 3124 1640 3197 divini
1662 3155 1737 3198 mu-

169 3245 254 3316 neris
277 3244 491 3344 aequalitatem
514 3244 599 3316 clare
624 3243 764 3316 ostendit
781 3243 874 3316 nohis
891 3244 1066 3342 Scripturas
1087 3257 1203 3315 sanctae
1223 3245 1317 3328 fides,
1338 3245 1468 3344 quando
1488 3246 1642 3317 Helisaeus
1663 3273 1737 3344 pro-

168 3365 265 3466 pheta
282 3392 381 3464 super
398 3366 501 3436 fitium
518 3365 622 3436 viduae
640 3364 842 3448 sulamitis2,
859 3365 916 3466 qui
935 3377 1082 3436 mortuus
1100 3378 1183 3448 erat,
1202 3366 1358 3438 recubans
1375 3380 1406 3437 et
1424 3365 1527 3438 Deum
1543 3366 1734 3465 deprecans,

169 3488 213 3558 ita
227 3514 261 3558 se
276 3513 374 3587 super
391 3499 555 3557 mortuum
571 3485 736 3586 explicavit
753 3499 783 3558 et
804 3485 945 3557 extendit
967 3499 1002 3557 ut
1019 3487 1115 3586 capiti
1137 3498 1232 3586 caput
1249 3499 1281 3558 et
1298 3486 1391 3591 laciei
1408 3487 1523 3559 faciem
1541 3501 1614 3586 epte
1632 3488 1736 3587 impo-

168 3620 273 3689 neret,
293 3620 324 3677 et
342 3605 470 3677 Helisaei
488 3607 631 3679 membra
649 3633 747 3706 super
762 3607 856 3707 pueri
874 3607 1035 3691 membra,
1052 3607 1215 3707 pedesque
1228 3635 1325 3708 super
1342 3606 1440 3705 pedes
1457 3607 1733 3680 effunderentur³.

169 3727 249 3809 Oua¹
263 3753 330 3812 res,
347 3727 373 3798 si
392 3725 569 3798 secundum
586 3727 758 3798 nativitatis
778 3740 893 3799 nostrae
909 3726 1098 3825 parvitatem
1115 3741 1148 3797 ‘et
1166 3753 1351 3798 mensuram
1367 3726 1535 3824 cogitetur,
1554 3725 1735 3826 quantitate

168 3847 326 3945 corporis,
340 3846 452 3918 adulto
471 3860 502 3918 et
519 3875 601 3947 pene
618 3847 711 3919 annis
729 3874 801 3918 vero
817 3847 941 3919 homini
966 3847 1072 3919 inlans
1093 3875 1157 3919 non
1176 3861 1285 3946 posset
1302 3848 1440 3948 aequari,
1455 3875 1513 3920 nec
1529 3847 1688 3920 coheerere
1704 3861 1749 3918 et'

168 3965 314 4039 sufficere
329 3981 459 4066 possent
471 3965 556 4069 (76)
573 3995 670 4067 parva
690 3969 835 4040 membra
853 3967 1040 4067 majoribus.
1061 3968 1126 4040 Sed
1143 3968 1208 4040 illic
1228 3968 1395 4068 equalitas
1413 3969 1561 4068 quaedam
1577 3968 1686 4040 divina
1704 3981 1737 4039 et

168 4087 319 4187 spiritalis
336 4087 536 4187 exprimitur,
554 4089 645 4189 quod
657 4115 752 4188 pares
766 4102 863 4188 atque
875 4087 1014 4188 aequales
1030 4089 1095 4160 sint
1110 4115 1221 4160 omues
1239 4089 1404 4172 homiues,
1423 4090 1554 4189 quando
1574 4117 1591 4162 a
1611 4089 1678 4160 Deo
1694 4087 1735 4160 ad

168 4207 315 4280 eamdem
330 4208 577 4281 similitudinem
593 4210 667 4281 lacti
683 4222 774 4292 sunt,
793 4222 824 4280 et
847 4209 947 4308 possit
964 4222 1086 4281 statura
1104 4222 1209 4281 nostra
1230 4209 1265 4280 in
1282 4209 1488 4281 incrementis
1505 4210 1664 4310 corporis,
1686 4235 1736 4284 se-

168 4329 312 4401 cundum
329 4329 498 4416 saeculum,
513 4357 579 4401 non
596 4344 702 4400 autern
718 4328 896 4400 secundum
911 4331 969 4401 Dei
982 4329 1154 4411 facturam,
1170 4329 1289 4402 hahere
1303 4331 1487 4402 varietatem
1503 4344 1534 4402 et
1547 4331 1734 4414 discrimen,

168 4449 230 4522 nisi
247 4477 392 4550 unquam
414 4452 529 4550 etipsa
548 4449 665 4548 gratia,
686 4477 758 4550 quae
779 4449 946 4549 baptizatis
965 4450 1070 4532 datur,
1089 4477 1148 4550 pro
1166 4465 1287 4522 statura
1303 4450 1546 4549 accipientium,
1562 4449 1612 4521 vel
1630 4450 1737 4521 minor

168 4572 217 4644 vel
234 4574 338 4670 major
352 4557 523 4656 lrihuatur,
535 4596 609 4642 cum
621 4569 762 4671 Spiritus
778 4571 916 4642 Sanctus
933 4597 999 4643 uon
1017 4571 1057 4642 de
1076 4598 1243 4655 mensura,
1255 4570 1311 4643 sed
1328 4572 1368 4643 de
1384 4570 1626 4672 philanthropia
1639 4585 1670 4642 et
1682 4571 1737 4642 iu-

169 4691 335 4789 dulgentia
357 4706 490 4794 paterna
512 4691 647 4792 aequalis
665 4691 816 4762 omnihus
833 4691 1024 4791 praebeatur,
1044 4692 1124 4762 Nam
1146 4692 1248 4776 Deus,
1272 4706 1309 4763 ut
1329 4719 1500 4791 personam
1524 4718 1589 4764 non
1606 4691 1736 4790 accipit,

168 4811 214 4881 sic
234 4839 292 4886 nec
312 4826 467 4884 staturam
490 4811 674 4909 distinguit,
694 4839 768 4884 cum
790 4813 959 4897 omnihus,
978 4812 1012 4883 in
1035 4810 1090 4883 illa
1112 4811 1246 4885 coelostis
1269 4814 1380 4911 gratie
1402 4812 1601 4912 receptione,
1620 4811 1737 4911 aequali

103 4969 105 4974 ·
169 4931 312 5030 pondere
331 4946 456 5032 partem
476 4933 606 5005 tribuat.

220 5107 273 5178 lV.
301 5107 381 5177 Nam
403 5108 493 5207 quod
515 5109 635 5193 dixisti,
661 5108 810 5188 inlantis,
829 5108 862 5180 in
885 5109 996 5208 primis
1019 5125 1130 5213 partus
1153 5110 1202 5182 sui
1229 5109 1358 5192 diebus,
1380 5109 1545 5180 constituti
1571 5122 1690 5180 tactum
1707 5124 1739 5181 et

208 5331 213 5361 ¹
234 5325 292 5380 tue.
309 5345 344 5390 xx,
360 5329 403 5380 56.
414 5359 451 5368 -
466 5332 476 5361 ²
494 5330 580 5383 Omitt.
596 5329 721 5383 Sodomitis
733 5329 803 5382 latini
816 5328 874 5382 edit.
891 5334 952 5370 --'
973 5331 1000 5386 lll
1014 5330 1069 5402 lleg.
1086 5349 1116 5392 rr,
1134 5331 1176 5382 dh.
