4006 6098
261 546 328 614 33lt
612 541 787 610 thtttttt
814 539 1215 608 th'llNlCAENORUM
1241 539 1480 609 ANALECTA.

259 709 385 767 vocaret
407 695 509 767 Deum
519 705 529 774 ,'
548 691 561 794 (
567 691 729 792 Christus)
755 691 897 764 tribunal
920 691 1061 763 instituit
1083 691 1123 764 ad
1150 691 1352 790 sepulcrum,
1371 691 1603 790 veritatemque
1624 688 1696 762 loco
1714 690 1835 789 judicis

259 817 457 888 constituens
479 815 621 912 ingratos
644 827 739 886 testes
762 813 993 912 circumposuit
1014 825 1052 883 ut
1074 811 1174 885 oculis
1189 812 1334 886 viderent
1353 825 1386 885 et
1407 810 1540 884 auribus
1563 810 1716 884 audirent
1737 813 1834 912 iiqni

260 937 430 1010 dicebant:
446 935 681 1035 «blasphemas
695 936 849 1034 quoniam
863 935 1002 1034 teipsum
1019 933 1137 1006 Filium
1156 933 1216 1006 Dei
1233 961 1342 1018 vocas,
1359 947 1390 1006 et
1403 930 1543 1034 (Deum)
1561 930 1621 1004 tibi
1635 945 1761 1033 patrem
1777 963 1834 1034 ap-

259 1055 451 1158 apellas13s
471 1085 506 1129 ac
524 1057 551 1129 si
564 1056 691 1128 dixisset
710 1056 774 1127 eis:
795 1056 899 1128 «Ecce
912 1075 964 1128 vos
983 1067 1078 1127 testes
1094 1054 1224 1140 invoco,
1243 1056 1399 1156 quoniam
1414 1055 1441 1126 si
1457 1054 1579 1127 crimen
1590 1066 1622 1126 et
1632 1053 1832 1155 blasphemia

260 1180 326 1252 asit
339 1207 391 1252 me
406 1206 519 1251 vocare
534 1178 615 1249 mihi
631 1176 736 1250 Deum
751 1189 892 1277 patrem,
912 1190 949 1249 ut
963 1205 1017 1250 vos
1028 1175 1227 1277 opinamini,
1244 1189 1328 1250 certe
1345 1203 1412 1249 non
1428 1175 1540 1248 audiet
1555 1173 1653 1278 (me).
1669 1175 1706 1248 Si
1723 1189 1830 1249 antem

260 1301 425 1373 «audierit
438 1328 506 1382 me,
521 1312 597 1371 tuno
615 1299 822 1370 manifestum
840 1298 902 1370 erit
918 1297 1025 1398 ipsum
1044 1324 1112 1370 esse
1130 1298 1235 1397 reipsa
1253 1311 1378 1398 patrem
1395 1324 1543 1370 meum.»

312 1542 363 1614 lX.
393 1541 524 1624 «Pater,
549 1541 608 1624 ait,
628 1540 747 1636 gratias
771 1567 831 1636 ago
853 1539 928 1623 tihi,
945 1539 1022 1640 quia
1047 1537 1166 1611 audisti
1186 1566 1238 1611 me
1258 1552 1289 1612 et
1308 1565 1435 1640 semper
1460 1537 1553 1611 audis
1572 1565 1663 1612 me.»
1679 1583 1732 1596 -
1749 1537 1833 1611 Dixit

260 1663 398 1763 illisqui
420 1659 690 1734 circumstabant:
711 1660 772 1733 «Si
791 1661 912 1734 crimen
935 1661 976 1731 sit
1000 1660 1090 1761 quod
1115 1687 1189 1732 enm
1210 1661 1316 1732 vocavi
1338 1673 1465 1760 patrem
1488 1673 1520 1732 et
1545 1659 1746 1760 blasphemia
1770 1660 1834 1732 hoc

260 1783 450 1856 habendum
462 1783 518 1865 sit,
531 1794 570 1853 ut
584 1809 639 1854 vos
654 1781 848 1881 opinamini,
869 1795 953 1853 certe
971 1779 1094 1882 (Deus)
1105 1808 1171 1853 non
1184 1780 1410 1881 cooperabitur
1418 1779 1682 1881 blasphematori.
1694 1782 1791 1865 Quod
1805 1783 1834 1854 si

260 1931 410 1978 vocavero
429 1916 595 1976 mortuum
619 1915 651 1976 et
667 1901 822 1975 obediens
842 1915 1001 2004 praecepto
1019 1929 1091 1974 meo
1112 1915 1260 1975 mortuus
1277 1903 1464 1986 surrexerit,
1480 1914 1566 1975 certe
1583 1903 1645 1976 hoc
1662 1930 1744 2004 opus
1765 1930 1834 1976 non

260 2027 321 2099 erit
334 2053 415 2126 opus
428 2025 712 2126 blasphematoris,
723 2024 780 2098 sed
793 2023 854 2096 Dei
869 2036 901 2096 et
917 2023 990 2096 Filii
1003 2023 1063 2096 Dei
1073 2025 1211 2123 jussum.
1223 2055 1239 2092 n
1250 2023 1362 2097 Talem
1376 2023 1475 2095 luisse
1490 2050 1620 2096 sensum
1636 2025 1789 2096 orationis
1802 2038 1836 2097 et

259 2147 424 2221 Christum
439 2175 504 2218 non
523 2173 630 2219 orasse
649 2160 782 2247 proptor
797 2145 1018 2218 necessitatem
1038 2171 1148 2229 suam,
1166 2146 1224 2218 scd
1240 2172 1299 2246 pro
1318 2145 1453 2218 utilitate
1471 2143 1722 2246 auditorumque
1738 2145 1836 2218 insti-

258 2267 384 2342 tutione
401 2269 548 2341 oratione
565 2294 660 2341 usum
676 2267 789 2351 luisse,
804 2268 872 2365 ipse
888 2279 1021 2340 testatus
1036 2279 1100 2350 est,
1111 2293 1214 2367 quum
1230 2265 1326 2338 dixit:
1342 2265 1492 2339 «Gratias
1509 2292 1569 2364 ago
1588 2265 1663 2353 tibi,
1677 2267 1835 2367 quoniam

259 2390 404 2464 «audisti
425 2416 478 2462 me
495 2387 572 2491 (ego
592 2388 735 2460 sciebam
756 2387 888 2487 quidem
912 2388 989 2488 quia
1012 2413 1140 2487 semper
1160 2414 1213 2460 me
1236 2385 1364 2488 audis),
1376 2386 1434 2460 sed
1450 2401 1582 2488 propter
1598 2389 1759 2489 populum
1775 2387 1836 2488 qui

259 2513 470 2586 «circumstat
486 2507 603 2611 (dixi),
620 2521 658 2581 ut
674 2507 807 2582 credant
822 2508 899 2608 quia
915 2521 950 2580 tu
963 2535 1016 2581 ma
1030 2508 1144 2581 misisti
1151 2512 1175 2580 ².
1186 2539 1203 2578 n
1216 2507 1317 2582 Nemo
1333 2508 1485 2610 deinceps
1498 2509 1666 2582 verimtem
1677 2509 1832 2607 deneget,

259 2658 355 2708 nemo
375 2631 528 2731 pietatem
552 2656 629 2726 erga
649 2628 754 2702 Deum
777 2629 963 2729 impugnet,
987 2655 1082 2702 nemo
1105 2627 1296 2704 descensum
1316 2656 1377 2731 pro
1396 2643 1503 2703 nostra
1525 2629 1629 2704 salute
1653 2630 1696 2704 ad
1708 2629 1835 2704 inimici

257 2754 415 2826 honorem
433 2751 635 2851 detorqueat.
658 2749 793 2852 Propter
811 2764 842 2822 te
865 2748 964 2822 homo
989 2750 1090 2822 lactus
1106 2763 1155 2822 est
1171 2751 1229 2850 qni
1245 2750 1394 2824 homines
1418 2763 1520 2836 amat,
1538 2778 1604 2824 non
1624 2764 1662 2822 ut
1682 2763 1833 2824 hamram

257 2900 350 2948 suam
363 2872 406 2946 ad
419 2885 506 2970 extra
519 2871 759 2954 manifestaret,
776 2869 834 2944 sed
852 2884 888 2944 ut
903 2870 1029 2970 lapsum
1046 2871 1206 2944 excitaret.

217 3137 223 3148 '
310 3116 347 3190 B.
367 3116 392 3188 l.
421 3114 554 3188 Audito
572 3113 661 3215 quod
674 3114 740 3212 egit
754 3140 820 3186 uno
839 3113 910 3186 loco
923 3111 978 3215 (ut
994 3111 1172 3215 intelligas)
1190 3113 1314 3214 abipso
1329 3115 1438 3186 omnia
1454 3113 1526 3187 ficri
1543 3114 1584 3187 ad
1597 3113 1833 3214 increpandum

257 3239 274 3311 J
277 3238 397 3310 udaeos.
410 3237 572 3309 sVocatus
586 3249 633 3308 cst
646 3234 663 3307 J
666 3261 738 3307 esus
748 3233 798 3308 ad
812 3235 943 3334 nuptias
958 3247 1006 3318 et,
1023 3261 1126 3334 quum
1141 3235 1293 3319 venisset,
1303 3235 1416 3306 vinum
1431 3262 1497 3307 non
1509 3233 1684 3308 habebant.
1704 3233 1788 3308 Dixit
1802 3237 1833 3308 ei

260 3372 387 3432 :mater
398 3359 487 3457 ejus:
502 3355 646 3428 «Vinum
657 3383 724 3428 non
734 3355 893 3429 habent.»
907 3354 992 3427 Dicit
1002 3355 1033 3428 ei
1045 3356 1156 3428 lesus:
1171 3387 1188 3422 o
1197 3355 1337 3458 Tempus
1351 3383 1462 3429 meum
1476 3356 1624 3430 nondum
1639 3355 1768 3429 advenit
1777 3361 1805 3442 ³,
1815 3389 1832 3424 s

259 3494 291 3553 et
303 3492 428 3564 tamen,
439 3478 500 3550 hoc
517 3477 643 3562 dicem,
662 3477 814 3579 praecepit
827 3475 957 3550 famulis
970 3475 1104 3576 implere
1116 3475 1248 3578 hydrias
1263 3503 1349 3578 aqua
1361 3477 1480 3550 etfacit
1495 3503 1612 3578 aquam
1626 3477 1748 3550 vinum.
1767 3477 1834 3550 Gur

259 3600 358 3674 dixit:
379 3598 537 3701 slmpletc
555 3598 728 3698 amphoras
748 3602 897 3698 aquata:
915 3598 973 3699 qui
989 3596 1085 3670 verbo
1102 3597 1197 3670 coelos
1217 3597 1293 3671 lecit
1309 3611 1341 3670 et
1355 3612 1475 3672 terram
1495 3597 1642 3673 fundavit
1658 3595 1744 3702 (68)
1759 3625 1832 3672 cum

258 3723 410 3795 omnihus
422 3749 495 3822 quae
509 3721 543 3793 in
559 3721 605 3793 eis
622 3720 717 3792 sunt?
729 3717 843 3792 Nonne
861 3718 930 3820 ipse
941 3731 1069 3819 poterat
1080 3719 1253 3818 amphoras
1268 3717 1468 3820 adimplere?
1480 3717 1546 3793 Sed
1559 3717 1656 3794 dixit:
1673 3719 1832 3822 olmplete

259 3869 380 3943 «aqua.
391 3840 668 3924 »Curi—Ouia,
681 3840 709 3913 si
719 3839 869 3937 negarint
880 3838 896 3912 J
899 3839 999 3923 udoei,
1010 3865 1128 3912 manus
1136 3852 1248 3912 vestra
1261 3865 1333 3942 qua:
1345 3839 1560 3940 impleverunt
1571 3839 1738 3944 (hydrias)
1748 3868 1831 3943 aqua

258 3977 291 4036 st
307 3964 436 4036 humeri
454 3962 511 4062 qui
528 3960 716 4034 detulerunt
732 3959 822 4062 (eas)
839 3960 1054 4062 increpabunt
1065 3987 1131 4033 eos.
1147 3961 1265 4045 Porro,
1281 3987 1358 4059 erga
1376 3962 1531 4034 Lazarum
1546 3959 1634 4035 idem
1649 3963 1724 4060 egit.
1737 3962 1834 4036 Ante-

259 4111 358 4185 quam
383 4083 507 4157 veniret
528 4082 571 4155 ad
591 4081 715 4166 locum,
740 4081 818 4154 dixit
836 4079 1002 4182 discipulis
1023 4081 1111 4154 suis:
1131 4081 1310 4166 «Lazarus,
1328 4081 1450 4154 amicus
1473 4095 1592 4167 noster,
1624 4082 1780 4158 dormit„
1795 4083 1834 4156 Et

259 4205 378 4279 deinde
393 4205 525 4305 quando
538 4203 626 4276 venit
637 4229 729 4276 soror
743 4202 854 4276 Lazari
870 4203 981 4276 dicens
996 4202 1047 4275 ei:
1067 4202 1248 4289 chazaros,
1260 4203 1383 4277 amicus
1402 4217 1491 4289 tuus,
1509 4217 1659 4278 mortuus
1673 4217 1762 4290 esu„
1779 4205 1833 4278 in-

261 4327 432 4424 terrogavit
445 4351 498 4398 eos
512 4357 520 4397 :
536 4323 625 4398 «Ubi
645 4323 798 4423 posuistis
813 4323 951 4396 illumin
977 4337 1010 4396 et
1026 4323 1087 4423 ipsi
1105 4324 1254 4397 dixemnt
1271 4324 1324 4397 ai:
1346 4324 1453 4396 «Veni
1465 4337 1498 4396 et
1508 4323 1581 4398 vide
1591 4327 1627 4397 lo
1643 4323 1672 4400 Ο
1686 4351 1737 4398 res
1752 4351 1834 4398 nova

261 4461 293 4521 et
311 4447 485 4521 mirabilisl
506 4444 714 4519 Suhobscure
731 4456 826 4518 antea
850 4442 1030 4546 (Christus)
1049 4445 1171 4519 dixerat
1193 4445 1378 4548 discipulis:
1397 4447 1560 4520 «Lazarus
1582 4461 1729 4520 mortuus
1749 4459 1833 4519 ests

260 4569 300 4642 Et
314 4595 401 4642 nunc
418 4569 618 4665 hrterrogas:
636 4566 725 4640 :Ubi
742 4567 893 4668 posuistis
908 4565 1051 4640 illum‘ln
1069 4567 1207 4640 Mortem
1222 4582 1317 4642 antea
1335 4593 1465 4641 enonas
1483 4567 1665 4668 discipulis,
1681 4566 1834 4641 stlocum

260 4715 326 4762 non
359 4689 542 4789 cognoscis!
572 4688 729 4762 Noscebat
755 4685 874 4790 (certe)
900 4688 1062 4773 Christus,
1087 4687 1144 4760 sed
1181 4701 1314 4788 propter
1339 4689 1469 4762 Judaeos
1494 4686 1574 4791 (ita)
1599 4687 1729 4787 agebat,
1758 4689 1835 4788 quia

259 4809 294 4913 (J
299 4808 399 4913 udaei)
417 4809 495 4883 mali
509 4823 611 4882 erant.
631 4810 780 4883 Ceterum
793 4807 943 4880 dicebat:
963 4809 1051 4882 aUhi
1068 4809 1219 4909 posuistis
1234 4835 1308 4882 eum
1319 4809 1358 4880 ln
1372 4836 1439 4881 non
1457 4810 1534 4910 quia
1550 4809 1738 4906 ignorabat,
1752 4835 1838 4910 quo-

262 4933 349 5004 niam
367 4944 480 5032 petens
495 4931 680 5032 sepulcrum
700 4929 779 5002 dixit
792 4927 912 5001 Judaeis
929 4959 937 5000 ε
956 4928 1097 5004 «Tollite
1114 4930 1282 5032 lapidem»
1299 4930 1341 5006 de
1355 4931 1514 5034 sepulcro.
1532 4930 1597 5032 lpsi
1612 4943 1720 5004 autem
1732 4943 1835 5004 sustu·

262 5053 379 5126 lerunt.

301 5325 308 5354 ¹
326 5320 411 5376 loson.
425 5341 452 5386 ι,
465 5322 508 5376 33.
524 5325 582 5362 -¹
601 5318 660 5374 lbs'd.
675 5337 712 5384 rr,
729 5319 772 5372 lta.
789 5321 845 5359 -³
863 5314 924 5371 lbid.
938 5335 970 5382 ιι,
988 5337 1017 5382 a,
1032 5317 1057 5370 5.
1070 5318 1129 5358 -—⁸
1147 5315 1206 5370 lh'd
1223 5334 1255 5380 ιι,
1272 5335 1297 5389 7.
