3990 6092
270 577 336 644 316
369 569 373 578 ’
620 573 794 640 Ptruuu
821 573 1222 642 ANTENlCleOllUM
1250 575 1488 642 luctuum.

269 724 410 798 «domus
420 722 517 796 lsrael
530 751 602 794 cum
618 749 694 795 eor
708 723 826 795 lterum
844 724 995 823 praecepit
1007 725 1037 796 ei
1051 725 1138 796 Deus
1151 739 1186 799 ut
1199 722 1337 809 foderet,
1351 738 1399 810 ct,
1416 753 1489 796 cum
1507 725 1653 808 fodisset,
1665 725 1845 798 introduxit

269 846 361 918 iDum
369 846 402 916 in
412 844 637 917 cubiculumet
647 844 891 944 tuncpropheta
902 845 1116 917 viditomnem
1127 845 1373 918 similitudinem
1385 845 1547 945 reptilium
1553 847 1844 947 jumentorumque

268 968 302 1038 in
328 993 421 1038 muro
449 965 659 1066 depictorum.
680 967 719 1037 Et
737 967 945 1065 septuaginta
969 966 1028 1038 viri
1053 966 1178 1064 inclyti,
1199 967 1239 1038 de
1266 967 1464 1050 senioribus,
1488 982 1579 1039 crant
1602 994 1676 1038 cum
1697 969 1840 1051 lenonia,

270 1087 327 1190 qui
349 1088 467 1188 pietate
482 1115 540 1159 suu
564 1086 832 1158 celebratissimus
851 1100 929 1158 erat.
953 1086 1053 1158 Porro
1072 1086 1119 1158 illi
1138 1115 1230 1160 senes
1245 1086 1412 1159 thuribula
1430 1087 1464 1158 in
1484 1088 1634 1160 manibus
1650 1089 1715 1160 suis
1733 1103 1845 1189 porta-

268 1208 348 1282 bant
365 1208 609 1307 offerebantque
624 1207 834 1280 odoramenta
849 1235 907 1279 sua
925 1207 1123 1306 imaginibus
1141 1209 1174 1279 in
1193 1235 1286 1280 muro
1302 1208 1447 1308 depictis.

327 1332 382 1402 ab.
413 1331 477 1402 «Et
493 1329 540 1400 ibi
558 1328 710 1400 mulieres
725 1327 790 1400 vidi
807 1327 955 1401 sedentes
974 1329 1231 1430 plangentesque
1246 1329 1484 1402 Thamuzum.n
1499 1329 1639 1402 Adduxit
1653 1331 1842 1431 prophetam

271 1453 428 1524 Dominus
445 1451 487 1523 ad
510 1451 607 1523 aliam
630 1463 756 1550 partem
779 1450 895 1522 domus
916 1449 1046 1522 Domini
1070 1463 1104 1523 et
1127 1451 1267 1523 ostendit
1285 1451 1332 1522 illi
1350 1449 1502 1524 mulieres
1527 1451 1675 1524 sedentes
1698 1451 1730 1523 in
1748 1480 1842 1524 sonc-

271 1575 392 1658 tuario,
412 1600 485 1674 quae
501 1571 623 1644 llebant
641 1572 853 1644 Thamuxum.

328 1695 389 1779 16,
411 1721 466 1792 17.
496 1694 559 1765 «Et
576 1692 687 1765 statuit
704 1721 755 1764 me
772 1693 856 1766 inter
873 1693 1068 1766 vestibulum
1086 1707 1117 1765 et
1130 1694 1271 1774 altare.»
1288 1707 1319 1765 et
1337 1693 1432 1766 dixit:
1451 1693 1555 1766 allide
1571 1695 1657 1792 quod
1675 1693 1843 1794 implentes

273 1829 415 1888 «terram
429 1816 599 1917 iniquitate
610 1815 754 1886 conversi
768 1827 844 1886 sunt
858 1814 900 1887 ad
914 1815 1107 1886 irritandum
1128 1841 1189 1886 me.
1201 1845 1217 1882 n

323 2049 359 2104 x,
384 2023 445 2105 13,
470 2023 524 2092 15.
555 2020 618 2092 «Εἰ
635 2025 740 2091 rotas¹
768 2020 843 2091 istas
867 2020 987 2092 vocavit
1009 2018 1166 2090 volubiles
1189 2045 1296 2090 coram
1317 2046 1387 2092 mc.
1405 2075 1439 2092 ..
1462 2019 1535 2091 llaec
1557 2034 1605 2092 est
1626 2020 1728 2092 bestia
1747 2048 1845 2122 quam

274 2142 363 2213 svidi
377 2168 476 2240 super
493 2141 613 2213 llumen
630 2140 796 2214 Chobum

324 2366 370 2423 xx,
395 2368 425 2409 1.
455 2337 519 2409 «Et
535 2337 667 2410 elevavit
686 2363 738 2408 me
760 2337 905 2436 spiritus,
930 2350 961 2408 et
983 2337 1159 2409 introduxit
1173 2365 1225 2410 me
1248 2336 1290 2409 ad
1309 2350 1435 2436 portam
1454 2333 1569 2406 domus
1590 2337 1718 2407 Domini
1737 2336 1849 2408 orien-

274 2459 447 2530 ctalem2..
466 2515 473 2529 .
495 2472 527 2530 et
546 2456 610 2529 vidi
628 2457 741 2554 viginti
761 2456 907 2557 quinque
932 2457 1015 2529 viros
1038 2458 1132 2530 dorsa
1154 2457 1311 2532 habentes
1331 2471 1440 2530 contra
1463 2458 1622 2556 templum
1648 2457 1796 2541 Domini,
1817 2471 1849 2529 et

274 2580 395 2650 «facies
414 2578 455 2649 ad
474 2579 648 2661 orientem,
667 2591 699 2648 et
717 2577 887 2649 adorantes
905 2578 1044 2649 solemn
1062 2579 1242 2652 lntroduxit
1259 2579 1374 2652 iterum
1385 2578 1542 2650 Dominus
1559 2577 1750 2678 prophetam
1763 2579 1851 2650 inter

273 2699 466 2772 vestibulum
484 2713 515 2770 ct
533 2699 631 2770 altare
650 2711 680 2769 et
698 2698 838 2769 ostendit
855 2697 903 2770 illi
911 2699 1023 2796 viginti
1039 2700 1185 2799 quinque
1202 2693 1352 2772 homines
1362 2701 1419 2801 qui
1431 2699 1560 2771 stabant
1570 2714 1679 2771 contra
1691 2699 1850 2800 templum

276 2820 424 2903 Domini,
444 2819 523 2891 lucie
549 2819 591 2890 ad
613 2820 769 2890 orientem
793 2847 960 2903 conversa,
984 2822 1120 2920 quique,
1141 2817 1313 2893 adorantes
1335 2822 1452 2903 solem,
1474 2821 1591 2893 scelere
1613 2848 1671 2892 suo
1695 2834 1851 2892 sanctua-

276 2942 360 3012 rium
376 2939 580 3040 poDnebant,
591 2939 670 3012 dum
683 2941 783 3012 solem
798 2939 1115 3014 adorationibussuis
1125 2941 1363 3014 reverebantur.
1373 2942 1439 3013 Nisi
1450 2941 1537 3013 enim
1548 2939 1582 3012 id
1593 2941 1638 3014 eis
1652 2957 1851 3042 praeceptum

276 3062 402 3146 luisset,
422 3090 487 3134 non
505 3063 692 3135 adorassent
709 3063 807 3134 solem
825 3063 909 3134 inter
924 3064 1117 3136 vestibulum
1135 3077 1167 3136 et
1181 3063 1292 3136 altare.

332 3213 362 3255 1.
392 3181 698 3284 «Appropinquate,
720 3184 876 3256 civitatis³
893 3185 1113 3258 retributores.
1135 3186 1174 3257 Et
1192 3213 1263 3258 ecce
1281 3213 1332 3257 sex
1348 3186 1405 3257 viri
1424 3197 1596 3268 venerunt,
1622 3185 1849 3283 unusquisque

275 3333 353 3378 evas
378 3306 597 3378 retributionis
624 3333 690 3377 suae
714 3306 749 3376 in
773 3334 873 3378 manu
896 3334 953 3378 sua
975 3306 1137 3378 babens»
1162 3307 1304 3390 Scilicet,
1320 3307 1453 3378 ostensis
1477 3305 1640 3404 propheta
1666 3304 1758 3376 malis
1786 3305 1850 3376 ho-

276 3429 418 3512 minum,
438 3427 584 3498 clamavit
602 3455 708 3498 coram
735 3427 791 3498 illo
810 3429 912 3510 Deus,
931 3454 1007 3499 voce
1027 3455 1142 3524 magna
1165 3427 1295 3500 dicens:
1314 3427 1618 3528 crlppropinquate,
1638 3426 1848 3498 retributores

276 3548 476 3632 «civitatis»
495 3562 527 3620 et
545 3548 613 3620 haec
629 3549 702 3620 lecit
723 3561 758 3619 ut
773 3547 957 3619 ostenderet
969 3548 1134 3647 prophetae
1151 3548 1307 3620 civitatem
1327 3548 1530 3621 evertendam
1547 3548 1616 3620 soro
1631 3561 1762 3648 propter
1779 3574 1850 3618 sce-

275 3671 343 3742 lera
355 3670 574 3742 habitatorum
591 3671 675 3768 ejus,
695 3695 760 3739 non
778 3680 887 3739 autem
905 3667 1020 3740 virtute
1036 3667 1189 3739 hostium.

326 3896 373 3949 xx,
393 3868 425 3937 3.
456 3866 519 3935 cEt
535 3863 638 3960 gloria
666 3863 796 3935 Domini
821 3864 919 3935 lsrael
942 3877 1106 3965 assumpta
1132 3877 1179 3936 est
1197 3861 1237 3935 de
1255 3862 1402 3948 Cherub,
1427 3867 1483 3965 qui
1503 3865 1607 3938 stabat
1625 3865 1666 3938 ad
1689 3865 1846 3963 angulum

275 3987 457 4069 edemus„
476 3985 510 4058 id
528 3999 591 4070 est,
604 4013 702 4086 super
715 3983 800 4087 (dl)
819 3986 918 4058 altare
931 3986 1074 4085 positum
1092 3985 1133 4058 ad
1152 3985 1308 4083 angulum
1324 3987 1450 4058 domus.

330 4192 360 4261 lc.
391 4191 454 4261 cllt
476 4191 566 4288 signa
587 4192 715 4288 signum
739 4219 836 4292 super
863 4191 983 4262 frontes
1006 4191 1145 4264 virorum
1166 4193 1365 4290 gementium
1389 4205 1419 4262 et
1444 4191 1624 4263 dolentium
1647 4218 1745 4292 super
1767 4191 1849 4262 abo-

275 4311 546 4394 cminationibus,
564 4339 636 4411 quae
651 4313 734 4384 fiunt
748 4313 781 4383 in
793 4311 900 4383 medio
919 4313 1092 4385 civitatis.»
1111 4313 1150 4385 Et
1160 4313 1239 4400 illis,
1256 4314 1401 4415 quicum
1420 4311 1477 4383 illo
1490 4327 1597 4396 erant,
1615 4313 1693 4384 dixit
1709 4313 1796 4384 Deus
1812 4327 1850 4382 ut

274 4431 523 4503 exterminarent
536 4460 647 4505 omnes
665 4448 788 4519 utates3
804 4433 837 4505 id
856 4446 921 4516 est,
941 4460 1005 4504 non
1020 4436 1089 4532 jam
1107 4435 1285 4507 sufficiebat
1302 4434 1510 4507 circumcisio.
1533 4435 1642 4517 Quare
1659 4433 1768 4532 rejecit
1784 4435 1850 4504 cir-

274 4552 519 4638 cumcisionem,
536 4554 687 4655 iDiusque
710 4555 780 4627 loco
798 4554 975 4627 introduxit
995 4555 1123 4654 signum
1144 4557 1258 4628 crucis.
1278 4559 1367 4629 Pone
1385 4556 1514 4654 signum
1531 4583 1628 4657 super
1644 4583 1697 4627 eos
1718 4555 1774 4654 qui
1793 4583 1849 4652 ge—

263 4667 382 4762 ¹munt3
402 4675 435 4747 id
451 4689 498 4748 est
513 4676 663 4774 cogitatio
680 4677 750 4778 ipsa
769 4677 918 4760 illorum,
940 4678 998 4776 qui
1017 4677 1206 4774 affliguntur
1221 4677 1261 4748 de
1274 4677 1377 4758 malo,
1397 4706 1414 4748 a
1436 4679 1502 4750 Deo
1528 4677 1610 4749 sicut
1625 4705 1706 4778 opus
1722 4676 1847 4748 bouum

273 4812 453 4896 reputatur,
471 4796 649 4870 secundum
668 4798 757 4899 quod
773 4797 850 4870 alibi
866 4795 962 4899 (dixit
981 4795 1177 4899 Dominus):
1196 4798 1417 4881 «Quividerit
1440 4799 1606 4872 mulierem
1620 4800 1661 4871 ad
1676 4797 1850 4897 concupis-

275 4919 435 4992 ccendam
452 4947 539 5004 cam,
554 4922 623 5019 jam
642 4921 818 4992 moeclxatus
835 4933 881 4991 cst
896 4946 967 5030 eam
984 4921 1016 4990 in
1035 4917 1130 4990 eorde
1148 4925 1264 4990 suot.»

313 5173 319 5202 ¹
341 5170 423 5226 Codex
443 5191 528 5226 curcur
551 5191 599 5246 pro
618 5172 684 5225 rotie.
701 5175 758 5213 -¹
778 5169 824 5224 llic
845 5169 939 5224 iterum
959 5169 1024 5224 redit
1099 5170 1231 5246 legendum
1243 5187 1351 5232 σώσω
1363 5171 1389 5224 iu
1403 5178 1469 5225 textu
1482 5170 1586 5244 syriaco,
1599 5171 1702 5234 scilicet,
1713 5167 1849 5223 retributo-

274 5249 401 5318 aucturad
412 5272 485 5339 caput
495 5285 552 5328 iux,
567 5267 612 5327 ιδ,
625 5263 692 5319 uude
702 5263 936 5318 commentariorum
949 5264 1024 5318 series
1100 5283 1151 5328 res,
1169 5267 1221 5322 loco
1230 5265 1353 5340 pulionem
1363 5264 1398 5318 rel
1407 5264 1517 5343 filiorum
1534 5265 1643 5318 mutatu
1655 5297 1695 5344 '‘.
1702 5264 1711 5296 ⁸
1732 5261 1807 5316 Molle.
1826 5283 1848 5326 r,

277 5355 373 5410 ridetur
384 5359 538 5431 aliquatenus
552 5357 701 5431 perlui-boto.
713 5389 748 5401 -
760 5361 769 5390 ³
789 5357 835 5412 llic
849 5358 902 5412 loco
916 5373 1024 5436 Quo
1102 5360 1145 5412 o8.
1572 5369 1574 5374 ’
