3990 6092
680 545 880 612 SANCTUS
909 543 1206 611 HIPPOLYTUS.
1268 633 1275 647 Ι
1663 547 1729 613 323

159 700 285 774 Nathan
302 715 334 773 et
353 699 529 798 increpavit
547 701 672 782 eum33
693 700 809 772 iterum
825 711 857 770 et
873 725 933 782 10,
950 698 1082 798 quando
1100 700 1226 797 iugarat
1241 699 1343 770 David
1360 726 1468 772 coram
1481 698 1642 772 Absalone
1661 700 1729 772 filio

159 850 234 908 soo;
254 852 272 921 7
289 836 320 894 et
339 850 378 892 11
398 833 566 893 versantur
585 819 668 892 circa
685 846 849 892 sermones
868 819 982 903 Chusi‚
1001 820 1061 892 tilii
1081 818 1215 904 Jemini,
1227 819 1358 920 quando
1375 820 1436 892 iret
1450 819 1583 893 consilia
1600 819 1730 893 Achito-

160 944 237 1044 phel
259 942 483 1042 dissipaturus.
505 941 551 1014 Ex
578 941 628 1013 his
650 968 748 1041 porro
770 941 912 1013 historiis
935 956 966 1014 et
986 941 1077 1013 libris
1095 955 1209 1014 notum
1227 941 1264 1012 fit
1285 968 1351 1014 non
1376 941 1555 1014 secundnm
1580 941 1730 1014 ordinem

161 1093 226 1166 quo
242 1062 353 1166 scripti
367 1077 444 1136 sunt
461 1063 501 1134 ab
519 1061 612 1134 initio
632 1076 688 1134 aut
702 1063 881 1134 secondum
899 1075 1025 1162 tempus
1041 1090 1106 1162 quo
1125 1063 1350 1162 unusquisque
1367 1063 1566 1164 psalmorum
1582 1075 1730 1136 cantatus

161 1200 222 1271 est,
241 1183 383 1286 psalmos
396 1210 464 1256 esse
483 1182 654 1284 dispositos
670 1182 706 1255 in
722 1182 884 1284 psalterio.

212 1341 346 1440 Explicit
361 1340 504 1447 scholiam
517 1340 613 1412 souti
629 1338 794 1440 Htppolpti.

789 1577 799 1688 Ϊ
912 1611 981 1682 ιιι

214 1816 371 1888 Mathaeus
396 1816 484 1888 enim
509 1814 619 1888 volens
647 1841 799 1886 enarrare
827 1815 943 1887 Christi
971 1812 1150 1886 secundum
1178 1839 1307 1886 carnem
1337 1842 1457 1914 purum
1487 1830 1519 1888 et
1539 1816 1733 1889 immacula-

162 1952 231 2010 tum
260 1963 379 2033 genus,
404 1935 552 2035 illudque
580 1934 740 2008 deducere
772 1961 876 2034 usque
904 1934 947 2007 ad
974 1934 1109 2035 ioseph,
1134 1934 1266 2035 qnando
1290 1935 1379 2007 venit
1404 1933 1446 2007 ad
1471 1936 1610 2020 Josiam,
1634 1937 1734 2037 quio-

162 2087 226 2160 que
242 2059 326 2132 filios
338 2059 407 2156 ejus
426 2058 526 2131 tacuit
544 2070 575 2130 et
593 2057 771 2146 nominauit
785 2055 873 2159 (55)
888 2055 1077 2130 Jechoniam
1095 2054 1188 2128 illum
1206 2057 1263 2156 qui
1286 2056 1405 2130 Babeie
1422 2085 1441 2130 a
1456 2059 1607 2130 Susanna
1626 2057 1731 2131 editus

163 2194 227 2266 est,
245 2180 403 2253 transiens
424 2207 441 2252 a
465 2179 588 2251 semine
608 2179 697 2277 josto
720 2179 763 2252 ad
789 2205 899 2251 semen
919 2179 1054 2276 justum.
1075 2177 1202 2250 rJosias
1223 2179 1337 2275 genuit
1355 2177 1543 2252 Jechooiam
1566 2192 1597 2252 et
1618 2180 1732 2253 tratres

165 2303 259 2400 «ejus
276 2302 310 2374 in
328 2301 612 2398 transmigratione
630 2299 804 2399 Babylonis
815 2305 865 2371 ¹.»

906 2569 993 2640 Vlll

942 2756 963 2809 Α

803 2873 855 2932 DE
881 2872 1099 2934 PASCHA'I'E.

218 3071 243 3146 l.
273 3073 424 3146 Divinum
446 3071 481 3142 in
509 3070 598 3142 omni
621 3096 656 3141 re
679 3081 711 3141 et
735 3070 772 3144 in
799 3094 895 3140 omne
919 3068 991 3140 loco
1015 3068 1218 3168 prodigium!
1239 3070 1267 3142 0
1296 3073 1455 3144 crucifixio
1479 3066 1577 3174 super
1605 3101 1737 3150 omnem

168 3208 285 3267 terram
302 3193 495 3293 propagata!
514 3188 542 3263 0
559 3189 731 3286 Unigenite
751 3188 1007 3285 unigenitorum,
1026 3189 1099 3288 qui,
1122 3217 1180 3289 per
1202 3191 1327 3274 omnio,
1344 3220 1377 3263 es
1401 3195 1525 3265 omnia!
1544 3195 1739 3295 Depressum

168 3325 265 3413 atquo
283 3312 409 3385 dudum
427 3311 515 3384 illius
532 3309 642 3382 divino
659 3299 820 3381 corisortio
838 3308 1016 3407 privatum,
1033 3335 1150 3405 agmen
1170 3309 1352 3382 animarum
1370 3325 1553 3386 sanctarum
1574 3342 1740 3388 conversa-

168 3449 277 3507 turum
300 3461 368 3506 esse
389 3460 463 3505 cum
480 3431 588 3504 divino
604 3429 727 3532 (itlius)
745 3429 853 3502 anima
868 3431 938 3528 jam
955 3429 1146 3530 predixerat
1162 3429 1302 3530 Spiritus
1319 3433 1474 3519 Sanctus,
1494 3436 1626 3508 dicens:
1644 3438 1740 3510 «Non

170 3554 333 3628 «vidimus
351 3556 420 3654 ejus
437 3553 578 3638 vultum,
594 3579 703 3624 vocem
721 3563 831 3624 autem
848 3551 917 3650 ejus
932 3551 1173 3624 audivimust„
1192 3549 1370 3655 Oportebat
1387 3554 1474 3627 onim
1490 3570 1526 3628 ut
1546 3557 1740 3658 preadicatu-

169 3703 225 3749 rus
241 3675 303 3748 iret
317 3675 359 3748 ad
377 3701 432 3748 eos
449 3675 506 3776 qui
524 3673 703 3747 ininferna
725 3673 964 3757 detinebantur,
983 3673 1106 3774 quique
1122 3687 1216 3746 antea
1236 3675 1381 3775 persuasi
1403 3703 1470 3750 non
1486 3677 1626 3752 socrant.
1646 3679 1739 3764 Qua-

168 3810 312 3898 propter,
335 3797 505 3870 confractae
531 3809 735 3869 tremuerunt
757 3795 877 3868 inferni
898 3807 1014 3894 portam
1036 3807 1138 3896 porto
1159 3793 1291 3868 aheneo
1311 3809 1343 3869 et
1364 3810 1466 3870 vectes
1488 3797 1584 3871 terrei
1603 3800 1740 3874 contrita

170 3931 312 4004 sunteet
333 3945 405 3991 ecce
426 3917 618 4015 Unigenitus
641 3917 787 4002 intravit,
802 3917 984 3989 animarum
998 3942 1106 4000 more,
1125 3943 1199 3990 cum
1222 3917 1392 3992 animabus
1407 3917 1646 4022 (colloquens),
1665 3920 1741 3995 licet

170 4039 257 4112 Deus
274 4039 416 4112 Verbum
440 4038 644 4111 incarnatum
668 4049 761 4110 esset.
786 4037 911 4138 Corpus
936 4037 1081 4110 enimin
1106 4036 1253 4138 sepulcro
1278 4039 1421 4139 positum
1451 4052 1535 4125 erat,
1558 4065 1625 4113 non
1651 4041 1740 4143 quod

171 4173 240 4234 erat
264 4189 281 4233 a
307 4159 426 4233 deitate
452 4157 658 4244 destitutum,
681 4155 755 4244 sed,
779 4155 858 4230 dum
882 4183 980 4230 carne
1004 4156 1138 4258 quidem
1162 4158 1324 4232 mundum
1351 4157 1552 4234 custodiebat
1576 4161 1738 4248 Christus,

171 4283 280 4356 anima
298 4307 358 4354 sua
386 4281 551 4354 infernum
576 4279 747 4381 spoliabat.
765 4276 1049 4362 Quemadmodum
1071 4278 1176 4362 enim,
1195 4306 1269 4352 cum
1295 4293 1378 4353 esset
1400 4281 1435 4353 in
1460 4281 1604 4366 inferno,
1623 4296 1739 4357 notura

172 4415 241 4476 erat
253 4402 341 4504 apud
357 4402 478 4487 Deum,
497 4401 543 4474 ita
557 4412 625 4474 erat
642 4413 675 4473 et
688 4399 723 4472 in
739 4425 873 4498 corpore
890 4411 923 4471 et
940 4399 976 4472 in
996 4399 1136 4472 inferno.
1154 4399 1362 4501 Apprehendi
1380 4427 1446 4474 non
1464 4414 1604 4502 poterat,
1616 4416 1652 4476 et
1670 4431 1741 4477 om·

172 4525 226 4597 nia
240 4521 551 4623 comprehendebat,
568 4534 605 4594 ut
618 4519 724 4594 Pater.
738 4519 875 4605 Verum,
892 4546 966 4592 cum
979 4518 1096 4606 voluit,
1113 4522 1335 4622 apprehensus
1353 4534 1402 4595 est
1417 4549 1552 4623 corporo
1569 4537 1602 4596 et
1614 4525 1739 4610 anima,

172 4657 210 4718 ut
224 4645 333 4718 anima
344 4669 405 4717 sua
416 4656 541 4744 peteret
556 4643 738 4729 infernum,
750 4668 791 4714 ne
806 4641 905 4727 sorte,
916 4667 990 4715 com
1005 4639 1172 4716 divinitate
1188 4642 1258 4742 ipso
1272 4657 1386 4729 eunte,
1397 4656 1528 4745 stupore
1540 4644 1741 4720 solverentur

172 4764 326 4838 interiora
340 4777 449 4850 teme3
461 4763 518 4838 sed
527 4763 599 4850 ivit,
611 4789 685 4837 cum
700 4762 872 4836 animabus
884 4775 1144 4848 conversaturus,
1156 4763 1236 4863 quin
1252 4777 1360 4838 tamen
1372 4763 1613 4839 oblivisceretur
1623 4791 1658 4840 se
1672 4793 1741 4841 esse

173 4885 289 4959 Deum.
306 4885 409 4959 Solvit
423 4886 524 4985 igitur
544 4885 580 4958 in
598 4885 723 4959 mundo
742 4883 870 4958 vincula
886 4883 1016 4969 Mortis,
1035 4883 1123 4984 regia
1141 4881 1234 4986 (sua)
1247 4898 1405 4987 potestate
1425 4898 1535 4972 utens,
1552 4898 1589 4959 ut
1607 4887 1641 4959 in
1666 4914 1740 4962 casu

83 5017 86 5024 “
173 5004 300 5090 Lazari,
320 5003 468 5107 (quando
485 5004 602 5109 dixin:
620 5003 779 5090 «Lazaro,
797 5003 869 5102 veni
887 5005 1019 5078 soras³n
1035 5017 1067 5078 et
1085 5003 1239 5090 «Puella,
1258 5032 1354 5104 sorge
1365 5011 1402 5075 ἰι
1420 5019 1456 5080 ot
1471 5007 1596 5081 virtutis
1613 5011 1741 5108 jussum

142 5215 144 5218 ι
174 5153 244 5200 esse
260 5140 498 5224 agnosceretur.

213 5333 221 5363 ¹
240 5327 317 5384 Mau.
333 5348 354 5390 ι.
370 5348 411 5382 ιι.
426 5333 483 5370 -¹
504 5329 599 5384 Denter.
614 5349 636 5392 v,
653 5331 767 5384 ato-⁸
784 5327 868 5382 tom.
885 5347 922 5389 ιι,
937 5327 979 5382 tt.
994 5329 1053 5368 -⁸
1071 5327 1147 5381 More.
1164 5347 1185 5390 v,
1201 5329 1244 5382 [ιι.
