<?xml version="1.0" encoding="UTF-8"?>
<!DOCTYPE html PUBLIC "-//W3C//DTD XHTML 1.0 Transitional//EN"
    "http://www.w3.org/TR/xhtml1/DTD/xhtml1-transitional.dtd">
<html xmlns="http://www.w3.org/1999/xhtml" xml:lang="en" lang="en">
 <head>
  <title>
</title>
<meta http-equiv="Content-Type" content="text/html;charset=utf-8" />
  <meta name='ocr-system' content='tesseract 3.04.00' />
  <meta name='ocr-capabilities' content='ocr_page ocr_carea ocr_par ocr_line ocrx_word'/>
</head>
<body>
  <div class='ocr_page' id='page_1' title='image "./analectasacrasp03pitrgoog_0437.png"; bbox 0 0 4006 6098; ppageno 0'>
   <div class='ocr_carea' id='block_1_1' title="bbox 242 559 1462 634">
    <p class='ocr_par' dir='ltr' id='par_1_1' title="bbox 242 559 1462 634">
     <span class='ocr_line' id='line_1_1' title="bbox 242 559 1462 634; baseline -0.007 0"><span class='ocrx_word' id='word_1_1' title='bbox 242 566 308 634; x_wconf 79' lang='lat'>390</span> <span class='ocrx_word' id='word_1_2' title='bbox 588 561 762 627; x_wconf 73' lang='lat' dir='ltr'>carnuti</span> <span class='ocrx_word' id='word_1_3' title='bbox 795 559 1195 627; x_wconf 77' lang='lat' dir='ltr'>ANTENlCAENORUlll</span> <span class='ocrx_word' id='word_1_4' title='bbox 1225 559 1462 626; x_wconf 78' lang='lat' dir='ltr'>ANdLEC&#39;l&#39;d.</span> 
     </span>
    </p>
   </div>
   <div class='ocr_carea' id='block_1_2' title="bbox 241 706 1813 1147">
    <p class='ocr_par' dir='ltr' id='par_1_2' title="bbox 241 706 1813 1147">
     <span class='ocr_line' id='line_1_2' title="bbox 241 706 1812 810; baseline -0.001 -24"><span class='ocrx_word' id='word_1_5' title='bbox 241 712 389 796; x_wconf 86' lang='lat' dir='ltr'>metallo,</span> <span class='ocrx_word' id='word_1_6' title='bbox 403 715 493 810; x_wconf 81' lang='lat' dir='ltr'>juxta</span> <span class='ocrx_word' id='word_1_7' title='bbox 515 709 718 781; x_wconf 77' lang='lat' dir='ltr'><strong>necessitates</strong></span> <span class='ocrx_word' id='word_1_8' title='bbox 738 735 813 780; x_wconf 91' lang='lat' dir='ltr'>suas</span> <span class='ocrx_word' id='word_1_9' title='bbox 829 707 892 780; x_wconf 91' lang='lat' dir='ltr'>sihi</span> <span class='ocrx_word' id='word_1_10' title='bbox 913 706 1045 808; x_wconf 91' lang='lat' dir='ltr'>placens</span> <span class='ocrx_word' id='word_1_11' title='bbox 1061 734 1116 780; x_wconf 89' lang='lat' dir='ltr'>vas</span> <span class='ocrx_word' id='word_1_12' title='bbox 1134 707 1231 780; x_wconf 89' lang='lat' dir='ltr'>efficit</span> <span class='ocrx_word' id='word_1_13' title='bbox 1249 707 1378 808; x_wconf 90' lang='lat' dir='ltr'>sapiens</span> <span class='ocrx_word' id='word_1_14' title='bbox 1397 708 1534 792; x_wconf 77' lang='lat' dir='ltr'>aurifex,</span> <span class='ocrx_word' id='word_1_15' title='bbox 1553 709 1598 780; x_wconf 90' lang='lat' dir='ltr'>sic</span> <span class='ocrx_word' id='word_1_16' title='bbox 1618 723 1650 782; x_wconf 90' lang='lat' dir='ltr'>et</span> <span class='ocrx_word' id='word_1_17' title='bbox 1666 709 1812 784; x_wconf 86' lang='lat' dir='ltr'>Christus</span> 
     </span>
     <span class='ocr_line' id='line_1_3' title="bbox 241 826 1812 932; baseline -0.001 -26"><span class='ocrx_word' id='word_1_18' title='bbox 241 835 322 932; x_wconf 86' lang='lat' dir='ltr'>egit,</span> <span class='ocrx_word' id='word_1_19' title='bbox 352 832 583 930; x_wconf 90' lang='lat' dir='ltr'>inveniensque</span> <span class='ocrx_word' id='word_1_20' title='bbox 612 829 770 927; x_wconf 89' lang='lat' dir='ltr'>virginem</span> <span class='ocrx_word' id='word_1_21' title='bbox 797 826 910 932; x_wconf 86' lang='grc'>(138)</span> <span class='ocrx_word' id='word_1_22' title='bbox 939 828 1054 929; x_wconf 90' lang='lat' dir='ltr'>spiritu</span> <span class='ocrx_word' id='word_1_23' title='bbox 1085 854 1285 928; x_wconf 82' lang='lat' dir='ltr'>corporeque</span> <span class='ocrx_word' id='word_1_24' title='bbox 1313 843 1474 914; x_wconf 79' lang='lat' dir='ltr'>sanctam,</span> <span class='ocrx_word' id='word_1_25' title='bbox 1504 857 1541 902; x_wconf 84' lang='lat' dir='ltr'>cx</span> <span class='ocrx_word' id='word_1_26' title='bbox 1569 857 1607 903; x_wconf 88' lang='lat' dir='ltr'>ea</span> <span class='ocrx_word' id='word_1_27' title='bbox 1633 832 1812 904; x_wconf 91' lang='lat' dir='ltr'>animatum</span> 
     </span>
     <span class='ocr_line' id='line_1_4' title="bbox 242 948 1813 1054; baseline -0.002 -27"><span class='ocrx_word' id='word_1_28' title='bbox 242 981 358 1054; x_wconf 93' lang='lat' dir='ltr'>corpus</span> <span class='ocrx_word' id='word_1_29' title='bbox 384 953 451 1024; x_wconf 94' lang='lat' dir='ltr'>suis</span> <span class='ocrx_word' id='word_1_30' title='bbox 479 977 658 1047; x_wconf 90' lang='lat' dir='ltr'>congruum</span> <span class='ocrx_word' id='word_1_31' title='bbox 684 951 824 1022; x_wconf 92' lang='lat' dir='ltr'>consiliis</span> <span class='ocrx_word' id='word_1_32' title='bbox 853 950 1042 1050; x_wconf 78' lang='lat' dir='ltr'><strong>assumpsit,</strong></span> <span class='ocrx_word' id='word_1_33' title='bbox 1064 948 1241 1049; x_wconf 87' lang='lat' dir='ltr'>perlectum</span> <span class='ocrx_word' id='word_1_34' title='bbox 1269 950 1352 1022; x_wconf 90' lang='lat' dir='ltr'>circa</span> <span class='ocrx_word' id='word_1_35' title='bbox 1375 977 1410 1022; x_wconf 90' lang='lat' dir='ltr'>se</span> <span class='ocrx_word' id='word_1_36' title='bbox 1436 977 1553 1051; x_wconf 91' lang='lat' dir='ltr'>corpus</span> <span class='ocrx_word' id='word_1_37' title='bbox 1581 952 1753 1052; x_wconf 85' lang='lat' dir='ltr'>projiciens</span> <span class='ocrx_word' id='word_1_38' title='bbox 1776 965 1813 1024; x_wconf 90' lang='lat' dir='ltr'>nt</span> 
     </span>
     <span class='ocr_line' id='line_1_5' title="bbox 242 1075 407 1147; baseline -0.018 -1"><span class='ocrx_word' id='word_1_39' title='bbox 242 1075 407 1147; x_wconf 90' lang='lat' dir='ltr'>amictum.</span> 
     </span>
    </p>
   </div>
   <div class='ocr_carea' id='block_1_3' title="bbox 241 1265 1813 2095">
    <p class='ocr_par' dir='ltr' id='par_1_3' title="bbox 241 1265 1813 2095">
     <span class='ocr_line' id='line_1_6' title="bbox 293 1265 1811 1364; baseline 0.001 -22"><span class='ocrx_word' id='word_1_40' title='bbox 293 1271 344 1342; x_wconf 92' lang='lat' dir='ltr'>lll.</span> <span class='ocrx_word' id='word_1_41' title='bbox 374 1271 410 1340; x_wconf 94' lang='lat' dir='ltr'>ln</span> <span class='ocrx_word' id='word_1_42' title='bbox 428 1269 489 1341; x_wconf 91' lang='lat' dir='ltr'>hoc</span> <span class='ocrx_word' id='word_1_43' title='bbox 503 1268 644 1340; x_wconf 89' lang='lat' dir='ltr'>mirabili</span> <span class='ocrx_word' id='word_1_44' title='bbox 661 1267 840 1340; x_wconf 91' lang='lat' dir='ltr'>Nativitatis</span> <span class='ocrx_word' id='word_1_45' title='bbox 855 1266 924 1352; x_wconf 88' lang='lat' dir='ltr'>die,</span> <span class='ocrx_word' id='word_1_46' title='bbox 943 1266 1032 1338; x_wconf 91' lang='lat' dir='ltr'>nasci</span> <span class='ocrx_word' id='word_1_47' title='bbox 1050 1265 1083 1336; x_wconf 92' lang='lat' dir='ltr'>in</span> <span class='ocrx_word' id='word_1_48' title='bbox 1102 1277 1194 1337; x_wconf 91' lang='lat' dir='ltr'>utero</span> <span class='ocrx_word' id='word_1_49' title='bbox 1210 1265 1341 1364; x_wconf 90' lang='lat' dir='ltr'>virginis</span> <span class='ocrx_word' id='word_1_50' title='bbox 1359 1265 1500 1339; x_wconf 80' lang='lat' dir='ltr'>Verbum</span> <span class='ocrx_word' id='word_1_51' title='bbox 1521 1295 1587 1339; x_wconf 93' lang='lat' dir='ltr'>non</span> <span class='ocrx_word' id='word_1_52' title='bbox 1605 1269 1735 1342; x_wconf 89' lang='lat' dir='ltr'>crubuit</span> <span class='ocrx_word' id='word_1_53' title='bbox 1751 1297 1811 1344; x_wconf 93' lang='lat' dir='ltr'>nec</span> 
     </span>
     <span class='ocr_line' id='line_1_7' title="bbox 242 1387 1811 1491; baseline 0 -27"><span class='ocrx_word' id='word_1_54' title='bbox 242 1392 385 1476; x_wconf 76' lang='lat' dir='ltr'>horruit,</span> <span class='ocrx_word' id='word_1_55' title='bbox 401 1389 556 1491; x_wconf 92' lang='lat' dir='ltr'>qnoniam</span> <span class='ocrx_word' id='word_1_56' title='bbox 579 1417 613 1461; x_wconf 92' lang='lat' dir='ltr'>sc</span> <span class='ocrx_word' id='word_1_57' title='bbox 631 1416 697 1462; x_wconf 95' lang='lat' dir='ltr'>non</span> <span class='ocrx_word' id='word_1_58' title='bbox 720 1388 880 1490; x_wconf 87' lang='lat' dir='ltr'>reputavit</span> <span class='ocrx_word' id='word_1_59' title='bbox 902 1387 1074 1486; x_wconf 90' lang='lat' dir='ltr'>indignum</span> <span class='ocrx_word' id='word_1_60' title='bbox 1096 1399 1250 1458; x_wconf 85' lang='lat' dir='ltr'>creaturae</span> <span class='ocrx_word' id='word_1_61' title='bbox 1271 1413 1337 1458; x_wconf 72' lang='lat' dir='ltr'>suae</span> <span class='ocrx_word' id='word_1_62' title='bbox 1363 1413 1478 1488; x_wconf 88' lang='lat' dir='ltr'>corpus</span> <span class='ocrx_word' id='word_1_63' title='bbox 1503 1415 1682 1474; x_wconf 86' lang='lat' dir='ltr'>assumere,</span> <span class='ocrx_word' id='word_1_64' title='bbox 1701 1403 1811 1464; x_wconf 85' lang='lat' dir='ltr'>utana</span> 
     </span>
     <span class='ocr_line' id='line_1_8' title="bbox 241 1507 1810 1611; baseline -0.001 -25"><span class='ocrx_word' id='word_1_65' title='bbox 241 1525 405 1596; x_wconf 88' lang='lat' dir='ltr'>creatura,</span> <span class='ocrx_word' id='word_1_66' title='bbox 428 1512 537 1583; x_wconf 88' lang='lat' dir='ltr'>tunica</span> <span class='ocrx_word' id='word_1_67' title='bbox 559 1510 683 1611; x_wconf 86' lang='lat' dir='ltr'>opificis</span> <span class='ocrx_word' id='word_1_68' title='bbox 705 1510 805 1592; x_wconf 87' lang='lat' dir='ltr'>lacta,</span> <span class='ocrx_word' id='word_1_69' title='bbox 828 1509 932 1607; x_wconf 92' lang='lat' dir='ltr'>gloria</span> <span class='ocrx_word' id='word_1_70' title='bbox 952 1507 1140 1594; x_wconf 90' lang='lat' dir='ltr'>donaretur,</span> <span class='ocrx_word' id='word_1_71' title='bbox 1163 1534 1286 1607; x_wconf 90' lang='lat' dir='ltr'>suaque</span> <span class='ocrx_word' id='word_1_72' title='bbox 1306 1507 1411 1604; x_wconf 90' lang='lat' dir='ltr'>gratia</span> <span class='ocrx_word' id='word_1_73' title='bbox 1431 1522 1616 1608; x_wconf 78' lang='lat' dir='ltr'>appareret,</span> <span class='ocrx_word' id='word_1_74' title='bbox 1640 1509 1718 1584; x_wconf 91' lang='lat' dir='ltr'>dum</span> <span class='ocrx_word' id='word_1_75' title='bbox 1737 1539 1810 1584; x_wconf 90' lang='lat' dir='ltr'>ma-</span> 
     </span>
     <span class='ocr_line' id='line_1_9' title="bbox 243 1627 1812 1734; baseline -0.001 -28"><span class='ocrx_word' id='word_1_76' title='bbox 243 1634 395 1706; x_wconf 82' lang='lat' dir='ltr'>nifestum</span> <span class='ocrx_word' id='word_1_77' title='bbox 418 1634 510 1706; x_wconf 82' lang='lat' dir='ltr'>tieret</span> <span class='ocrx_word' id='word_1_78' title='bbox 528 1632 619 1732; x_wconf 17' lang='lat' dir='ltr'>&#39;unde</span> <span class='ocrx_word' id='word_1_79' title='bbox 639 1633 725 1704; x_wconf 91' lang='lat' dir='ltr'>Deus</span> <span class='ocrx_word' id='word_1_80' title='bbox 745 1630 953 1703; x_wconf 81' lang='lat' dir='ltr'>descenderet</span> <span class='ocrx_word' id='word_1_81' title='bbox 974 1629 1209 1703; x_wconf 86' lang='lat' dir='ltr'>benevolentia.</span> <span class='ocrx_word' id='word_1_82' title='bbox 1227 1627 1511 1714; x_wconf 85' lang='lat' dir='ltr'>Quemadmodum</span> <span class='ocrx_word' id='word_1_83' title='bbox 1534 1631 1637 1714; x_wconf 90' lang='lat' dir='ltr'>enim,</span> <span class='ocrx_word' id='word_1_84' title='bbox 1654 1659 1673 1703; x_wconf 89' lang='lat' dir='ltr'>a</span> <span class='ocrx_word' id='word_1_85' title='bbox 1690 1632 1812 1734; x_wconf 90' lang='lat' dir='ltr'>princi·</span> 
     </span>
     <span class='ocr_line' id='line_1_10' title="bbox 241 1749 1811 1855; baseline 0 -29"><span class='ocrx_word' id='word_1_86' title='bbox 241 1756 313 1855; x_wconf 91' lang='lat' dir='ltr'>pio,</span> <span class='ocrx_word' id='word_1_87' title='bbox 332 1753 530 1855; x_wconf 91' lang='lat' dir='ltr'>impossibile</span> <span class='ocrx_word' id='word_1_88' title='bbox 550 1767 619 1825; x_wconf 92' lang='lat' dir='ltr'>erat</span> <span class='ocrx_word' id='word_1_89' title='bbox 635 1752 676 1824; x_wconf 92' lang='lat' dir='ltr'>de</span> <span class='ocrx_word' id='word_1_90' title='bbox 698 1752 830 1852; x_wconf 87' lang='lat' dir='ltr'>pulvere</span> <span class='ocrx_word' id='word_1_91' title='bbox 848 1779 901 1824; x_wconf 90' lang='lat' dir='ltr'>vas</span> <span class='ocrx_word' id='word_1_92' title='bbox 921 1777 1105 1850; x_wconf 84' lang='lat' dir='ltr'>assurgere,</span> <span class='ocrx_word' id='word_1_93' title='bbox 1125 1763 1301 1851; x_wconf 89' lang='lat' dir='ltr'>antequam</span> <span class='ocrx_word' id='word_1_94' title='bbox 1324 1749 1440 1849; x_wconf 90' lang='lat' dir='ltr'>argilla</span> <span class='ocrx_word' id='word_1_95' title='bbox 1463 1750 1626 1824; x_wconf 85' lang='lat' dir='ltr'>deveniret</span> <span class='ocrx_word' id='word_1_96' title='bbox 1643 1751 1677 1824; x_wconf 95' lang='lat' dir='ltr'>in</span> <span class='ocrx_word' id='word_1_97' title='bbox 1695 1779 1811 1826; x_wconf 92' lang='lat' dir='ltr'>manus</span> 
     </span>
     <span class='ocr_line' id='line_1_11' title="bbox 242 1871 1813 1976; baseline -0.001 -29"><span class='ocrx_word' id='word_1_98' title='bbox 242 1875 373 1948; x_wconf 87' lang='lat' dir='ltr'>artificis</span> <span class='ocrx_word' id='word_1_99' title='bbox 390 1874 446 1976; x_wconf 92' lang='lat' dir='ltr'>qni</span> <span class='ocrx_word' id='word_1_100' title='bbox 465 1874 540 1946; x_wconf 85' lang='lat' dir='ltr'>lecit</span> <span class='ocrx_word' id='word_1_101' title='bbox 557 1873 663 1958; x_wconf 86' lang='lat' dir='ltr'>illam,</span> <span class='ocrx_word' id='word_1_102' title='bbox 676 1875 720 1946; x_wconf 91' lang='lat' dir='ltr'>ita</span> <span class='ocrx_word' id='word_1_103' title='bbox 736 1886 783 1958; x_wconf 93' lang='lat' dir='ltr'>et,</span> <span class='ocrx_word' id='word_1_104' title='bbox 795 1900 868 1946; x_wconf 89' lang='lat' dir='ltr'>vase</span> <span class='ocrx_word' id='word_1_105' title='bbox 886 1885 1054 1972; x_wconf 90' lang='lat' dir='ltr'>corrupto,</span> <span class='ocrx_word' id='word_1_106' title='bbox 1069 1871 1268 1972; x_wconf 90' lang='lat' dir='ltr'>impossibile</span> <span class='ocrx_word' id='word_1_107' title='bbox 1283 1885 1352 1944; x_wconf 88' lang='lat' dir='ltr'>erat</span> <span class='ocrx_word' id='word_1_108' title='bbox 1369 1871 1452 1944; x_wconf 92' lang='lat' dir='ltr'>illud</span> <span class='ocrx_word' id='word_1_109' title='bbox 1466 1872 1631 1957; x_wconf 90' lang='lat' dir='ltr'>renovari,</span> <span class='ocrx_word' id='word_1_110' title='bbox 1644 1872 1705 1946; x_wconf 91' lang='lat' dir='ltr'>nisi</span> <span class='ocrx_word' id='word_1_111' title='bbox 1721 1873 1813 1946; x_wconf 85' lang='lat' dir='ltr'>fieret</span> 
     </span>
     <span class='ocr_line' id='line_1_12' title="bbox 243 1993 832 2095; baseline -0.003 -27"><span class='ocrx_word' id='word_1_112' title='bbox 243 1995 350 2068; x_wconf 91' lang='lat' dir='ltr'>tunica</span> <span class='ocrx_word' id='word_1_113' title='bbox 369 1995 522 2068; x_wconf 91' lang='lat' dir='ltr'>creatoris</span> <span class='ocrx_word' id='word_1_114' title='bbox 540 1995 597 2095; x_wconf 91' lang='lat' dir='ltr'>qui</span> <span class='ocrx_word' id='word_1_115' title='bbox 614 1994 721 2067; x_wconf 88' lang='lat' dir='ltr'>induit</span> <span class='ocrx_word' id='word_1_116' title='bbox 738 1993 832 2066; x_wconf 92' lang='lat' dir='ltr'>illud.</span> 
     </span>
    </p>
   </div>
   <div class='ocr_carea' id='block_1_4' title="bbox 293 2145 1812 2292">
    <p class='ocr_par' dir='ltr' id='par_1_4' title="bbox 293 2145 1812 2292">
     <span class='ocr_line' id='line_1_13' title="bbox 293 2145 1812 2292; baseline -0.002 -28"><span class='ocrx_word' id='word_1_117' title='bbox 293 2191 360 2264; x_wconf 90' lang='lat' dir='ltr'>llll.</span> <span class='ocrx_word' id='word_1_118' title='bbox 388 2191 454 2264; x_wconf 87' lang='lat' dir='ltr'>Sed</span> <span class='ocrx_word' id='word_1_119' title='bbox 474 2189 554 2292; x_wconf 93' lang='lat' dir='ltr'>qnid</span> <span class='ocrx_word' id='word_1_120' title='bbox 576 2191 680 2263; x_wconf 90' lang='lat' dir='ltr'>dicam</span> <span class='ocrx_word' id='word_1_121' title='bbox 699 2190 817 2291; x_wconf 91' lang='lat' dir='ltr'>quidve</span> <span class='ocrx_word' id='word_1_122' title='bbox 837 2189 994 2290; x_wconf 77' lang='lat' dir='ltr'>eloquar?</span> <span class='ocrx_word' id='word_1_123' title='bbox 1009 2145 1097 2261; x_wconf 85' lang='lat' dir='ltr'>llova</span> <span class='ocrx_word' id='word_1_124' title='bbox 1120 2191 1207 2262; x_wconf 90' lang='lat' dir='ltr'>enim</span> <span class='ocrx_word' id='word_1_125' title='bbox 1226 2217 1277 2261; x_wconf 90' lang='lat' dir='ltr'>me</span> <span class='ocrx_word' id='word_1_126' title='bbox 1299 2189 1448 2289; x_wconf 87' lang='lat' dir='ltr'>prodigia</span> <span class='ocrx_word' id='word_1_127' title='bbox 1466 2203 1596 2290; x_wconf 91' lang='lat' dir='ltr'>stupore</span> <span class='ocrx_word' id='word_1_128' title='bbox 1619 2189 1812 2290; x_wconf 89' lang='lat' dir='ltr'>percellunt.</span> 
     </span>
    </p>
   </div>
   <div class='ocr_carea' id='block_1_5' title="bbox 242 2309 1814 3349">
    <p class='ocr_par' dir='ltr' id='par_1_5' title="bbox 242 2309 1814 3349">
     <span class='ocr_line' id='line_1_14' title="bbox 242 2309 1814 2411; baseline -0.001 -25"><span class='ocrx_word' id='word_1_129' title='bbox 242 2315 346 2386; x_wconf 82' lang='lat' dir='ltr'>Senex</span> <span class='ocrx_word' id='word_1_130' title='bbox 364 2312 491 2386; x_wconf 87' lang='lat' dir='ltr'>dierum</span> <span class='ocrx_word' id='word_1_131' title='bbox 510 2313 612 2384; x_wconf 87' lang='lat' dir='ltr'>lactus</span> <span class='ocrx_word' id='word_1_132' title='bbox 629 2325 677 2384; x_wconf 91' lang='lat' dir='ltr'>est</span> <span class='ocrx_word' id='word_1_133' title='bbox 695 2337 778 2411; x_wconf 92' lang='lat' dir='ltr'>puer</span> <span class='ocrx_word' id='word_1_134' title='bbox 795 2323 831 2383; x_wconf 90' lang='lat' dir='ltr'>nt</span> <span class='ocrx_word' id='word_1_135' title='bbox 852 2310 1001 2384; x_wconf 89' lang='lat' dir='ltr'>homines</span> <span class='ocrx_word' id='word_1_136' title='bbox 1019 2310 1079 2383; x_wconf 90' lang='lat' dir='ltr'>Dei</span> <span class='ocrx_word' id='word_1_137' title='bbox 1097 2309 1180 2384; x_wconf 89' lang='lat' dir='ltr'>filios</span> <span class='ocrx_word' id='word_1_138' title='bbox 1198 2311 1347 2383; x_wconf 84' lang='lat' dir='ltr'>efficeret.</span> <span class='ocrx_word' id='word_1_139' title='bbox 1363 2310 1427 2394; x_wconf 86' lang='lat' dir='ltr'>Qui</span> <span class='ocrx_word' id='word_1_140' title='bbox 1448 2309 1601 2383; x_wconf 74' lang='lat' dir='ltr'>coelorum</span> <span class='ocrx_word' id='word_1_141' title='bbox 1623 2310 1657 2383; x_wconf 90' lang='lat' dir='ltr'>in</span> <span class='ocrx_word' id='word_1_142' title='bbox 1682 2309 1763 2384; x_wconf 92' lang='lat' dir='ltr'>solio</span> <span class='ocrx_word' id='word_1_143' title='bbox 1781 2323 1814 2385; x_wconf 91' lang='lat' dir='ltr'>et</span> 
     </span>
     <span class='ocr_line' id='line_1_15' title="bbox 242 2429 1813 2532; baseline 0.001 -29"><span class='ocrx_word' id='word_1_144' title='bbox 242 2430 366 2505; x_wconf 90' lang='lat' dir='ltr'>honore</span> <span class='ocrx_word' id='word_1_145' title='bbox 393 2432 498 2516; x_wconf 89' lang='lat' dir='ltr'>sedet,</span> <span class='ocrx_word' id='word_1_146' title='bbox 519 2433 554 2503; x_wconf 94' lang='lat' dir='ltr'>in</span> <span class='ocrx_word' id='word_1_147' title='bbox 580 2446 744 2503; x_wconf 88' lang='lat' dir='ltr'>mutorum</span> <span class='ocrx_word' id='word_1_148' title='bbox 767 2430 957 2504; x_wconf 89' lang='lat' dir='ltr'>animalium</span> <span class='ocrx_word' id='word_1_149' title='bbox 983 2431 1139 2532; x_wconf 76' lang='lat' dir='ltr'>praesepio</span> <span class='ocrx_word' id='word_1_150' title='bbox 1157 2430 1198 2503; x_wconf 95' lang='lat' dir='ltr'>ob</span> <span class='ocrx_word' id='word_1_151' title='bbox 1222 2456 1364 2503; x_wconf 88' lang='lat' dir='ltr'>amorem</span> <span class='ocrx_word' id='word_1_152' title='bbox 1383 2457 1478 2502; x_wconf 91' lang='lat' dir='ltr'>sunm</span> <span class='ocrx_word' id='word_1_153' title='bbox 1499 2457 1574 2530; x_wconf 90' lang='lat' dir='ltr'>erga</span> <span class='ocrx_word' id='word_1_154' title='bbox 1595 2429 1742 2504; x_wconf 90' lang='lat' dir='ltr'>homines</span> <span class='ocrx_word' id='word_1_155' title='bbox 1760 2459 1813 2504; x_wconf 91' lang='lat' dir='ltr'>rc-</span> 
     </span>
     <span class='ocr_line' id='line_1_16' title="bbox 243 2551 1813 2654; baseline 0 -29"><span class='ocrx_word' id='word_1_156' title='bbox 243 2554 388 2654; x_wconf 88' lang='lat' dir='ltr'>quicscit.</span> <span class='ocrx_word' id='word_1_157' title='bbox 419 2551 634 2654; x_wconf 87' lang='lat' dir='ltr'>lmpassibile,</span> <span class='ocrx_word' id='word_1_158' title='bbox 663 2552 1005 2652; x_wconf 89' lang='lat' dir='ltr'>incomprehensibile,</span> <span class='ocrx_word' id='word_1_159' title='bbox 1031 2551 1275 2651; x_wconf 87' lang='lat' dir='ltr'>incorporeum,</span> <span class='ocrx_word' id='word_1_160' title='bbox 1306 2551 1473 2650; x_wconf 91' lang='lat' dir='ltr'>sanguinis</span> <span class='ocrx_word' id='word_1_161' title='bbox 1507 2579 1633 2652; x_wconf 79' lang='lat' dir='ltr'>expers,</span> <span class='ocrx_word' id='word_1_162' title='bbox 1660 2551 1813 2626; x_wconf 85' lang='lat' dir='ltr'>manibus</span> 
     </span>
     <span class='ocr_line' id='line_1_17' title="bbox 243 2669 1812 2773; baseline 0.001 -29"><span class='ocrx_word' id='word_1_163' title='bbox 243 2685 399 2745; x_wconf 90' lang='lat' dir='ltr'>tractatur</span> <span class='ocrx_word' id='word_1_164' title='bbox 415 2673 566 2744; x_wconf 88' lang='lat' dir='ltr'>humanis</span> <span class='ocrx_word' id='word_1_165' title='bbox 585 2684 620 2744; x_wconf 94' lang='lat' dir='ltr'>ut</span> <span class='ocrx_word' id='word_1_166' title='bbox 637 2687 844 2773; x_wconf 90' lang='lat' dir='ltr'>peccatorum</span> <span class='ocrx_word' id='word_1_167' title='bbox 866 2671 1120 2772; x_wconf 88' lang='lat' dir='ltr'>iniquorumque</span> <span class='ocrx_word' id='word_1_168' title='bbox 1138 2669 1219 2742; x_wconf 91' lang='lat' dir='ltr'>dura</span> <span class='ocrx_word' id='word_1_169' title='bbox 1242 2671 1404 2743; x_wconf 89' lang='lat' dir='ltr'>rescindat</span> <span class='ocrx_word' id='word_1_170' title='bbox 1431 2683 1462 2744; x_wconf 91' lang='lat' dir='ltr'>et</span> <span class='ocrx_word' id='word_1_171' title='bbox 1480 2671 1646 2772; x_wconf 90' lang='lat' dir='ltr'>disperdat</span> <span class='ocrx_word' id='word_1_172' title='bbox 1667 2671 1812 2760; x_wconf 88' lang='lat' dir='ltr'>vincula;</span> 
     </span>
     <span class='ocr_line' id='line_1_18' title="bbox 243 2792 1811 2894; baseline 0.001 -30"><span class='ocrx_word' id='word_1_173' title='bbox 243 2793 349 2866; x_wconf 87' lang='lat' dir='ltr'>fasciis</span> <span class='ocrx_word' id='word_1_174' title='bbox 373 2793 565 2878; x_wconf 83' lang='lat' dir='ltr'>obvolvitur,</span> <span class='ocrx_word' id='word_1_175' title='bbox 589 2821 687 2894; x_wconf 90' lang='lat' dir='ltr'>super</span> <span class='ocrx_word' id='word_1_176' title='bbox 709 2821 817 2892; x_wconf 91' lang='lat' dir='ltr'>genna</span> <span class='ocrx_word' id='word_1_177' title='bbox 839 2795 984 2868; x_wconf 87' lang='lat' dir='ltr'>mulieris</span> <span class='ocrx_word' id='word_1_178' title='bbox 1002 2793 1156 2866; x_wconf 90' lang='lat' dir='ltr'>nutritur.</span> <span class='ocrx_word' id='word_1_179' title='bbox 1184 2793 1230 2866; x_wconf 91' lang='lat' dir='ltr'>lta</span> <span class='ocrx_word' id='word_1_180' title='bbox 1255 2793 1405 2894; x_wconf 92' lang='lat' dir='ltr'>quidem,</span> <span class='ocrx_word' id='word_1_181' title='bbox 1427 2793 1504 2894; x_wconf 89' lang='lat' dir='ltr'>quia</span> <span class='ocrx_word' id='word_1_182' title='bbox 1526 2793 1594 2867; x_wconf 93' lang='lat' dir='ltr'>vult</span> <span class='ocrx_word' id='word_1_183' title='bbox 1616 2792 1756 2867; x_wconf 89' lang='lat' dir='ltr'>dedecus</span> <span class='ocrx_word' id='word_1_184' title='bbox 1777 2794 1811 2866; x_wconf 93' lang='lat' dir='ltr'>in</span> 
     </span>
     <span class='ocr_line' id='line_1_19' title="bbox 244 2913 1811 3016; baseline 0.001 -30"><span class='ocrx_word' id='word_1_185' title='bbox 244 2913 401 2986; x_wconf 90' lang='lat' dir='ltr'>honorem</span> <span class='ocrx_word' id='word_1_186' title='bbox 412 2926 644 3000; x_wconf 87' lang='lat' dir='ltr'>transmutare,</span> <span class='ocrx_word' id='word_1_187' title='bbox 659 2913 833 3016; x_wconf 90' lang='lat' dir='ltr'>opprobria</span> <span class='ocrx_word' id='word_1_188' title='bbox 852 2915 894 2988; x_wconf 90' lang='lat' dir='ltr'>ad</span> <span class='ocrx_word' id='word_1_189' title='bbox 908 2915 1045 3014; x_wconf 81' lang='lat' dir='ltr'>gloriam</span> <span class='ocrx_word' id='word_1_190' title='bbox 1064 2914 1225 2988; x_wconf 91' lang='lat' dir='ltr'>adducere</span> <span class='ocrx_word' id='word_1_191' title='bbox 1238 2928 1271 2988; x_wconf 91' lang='lat' dir='ltr'>et</span> <span class='ocrx_word' id='word_1_192' title='bbox 1288 2914 1456 3014; x_wconf 91' lang='lat' dir='ltr'>spinarum</span> <span class='ocrx_word' id='word_1_193' title='bbox 1470 2913 1541 2988; x_wconf 91' lang='lat' dir='ltr'>loco</span> <span class='ocrx_word' id='word_1_194' title='bbox 1557 2941 1710 2988; x_wconf 89' lang='lat' dir='ltr'>coronam</span> <span class='ocrx_word' id='word_1_195' title='bbox 1722 2914 1811 2990; x_wconf 90' lang='lat' dir='ltr'>dare.</span> 
     </span>
     <span class='ocr_line' id='line_1_20' title="bbox 244 3033 1811 3137; baseline 0.001 -31"><span class='ocrx_word' id='word_1_196' title='bbox 244 3033 353 3106; x_wconf 86' lang='lat' dir='ltr'>Meum</span> <span class='ocrx_word' id='word_1_197' title='bbox 382 3062 498 3136; x_wconf 90' lang='lat' dir='ltr'>corpus</span> <span class='ocrx_word' id='word_1_198' title='bbox 521 3035 607 3108; x_wconf 92' lang='lat' dir='ltr'>subit</span> <span class='ocrx_word' id='word_1_199' title='bbox 632 3049 669 3109; x_wconf 92' lang='lat' dir='ltr'>ut</span> <span class='ocrx_word' id='word_1_200' title='bbox 692 3064 752 3136; x_wconf 88' lang='lat' dir='ltr'>ego</span> <span class='ocrx_word' id='word_1_201' title='bbox 779 3036 867 3110; x_wconf 92' lang='lat' dir='ltr'>illius</span> <span class='ocrx_word' id='word_1_202' title='bbox 888 3037 1019 3137; x_wconf 91' lang='lat' dir='ltr'>spiritus</span> <span class='ocrx_word' id='word_1_203' title='bbox 1045 3063 1142 3136; x_wconf 83' lang='lat' dir='ltr'>capax</span> <span class='ocrx_word' id='word_1_204' title='bbox 1166 3035 1321 3108; x_wconf 82' lang='lat' dir='ltr'>eveniam.</span> <span class='ocrx_word' id='word_1_205' title='bbox 1341 3035 1486 3108; x_wconf 79' lang='lat' dir='ltr'>Assumit</span> <span class='ocrx_word' id='word_1_206' title='bbox 1514 3051 1546 3109; x_wconf 95' lang='lat' dir='ltr'>et</span> <span class='ocrx_word' id='word_1_207' title='bbox 1572 3035 1680 3110; x_wconf 88' lang='lat' dir='ltr'>induit</span> <span class='ocrx_word' id='word_1_208' title='bbox 1702 3063 1811 3110; x_wconf 88' lang='lat' dir='ltr'>meum</span> 
     </span>
     <span class='ocr_line' id='line_1_21' title="bbox 245 3155 1813 3258; baseline 0.001 -30"><span class='ocrx_word' id='word_1_209' title='bbox 245 3181 361 3256; x_wconf 86' lang='lat' dir='ltr'>corpus</span> <span class='ocrx_word' id='word_1_210' title='bbox 378 3169 411 3228; x_wconf 90' lang='lat' dir='ltr'>et</span> <span class='ocrx_word' id='word_1_211' title='bbox 427 3157 483 3230; x_wconf 87' lang='lat' dir='ltr'>dat</span> <span class='ocrx_word' id='word_1_212' title='bbox 504 3156 585 3228; x_wconf 92' lang='lat' dir='ltr'>mihi</span> <span class='ocrx_word' id='word_1_213' title='bbox 606 3184 702 3229; x_wconf 92' lang='lat' dir='ltr'>snum</span> <span class='ocrx_word' id='word_1_214' title='bbox 722 3157 887 3258; x_wconf 89' lang='lat' dir='ltr'>spiritum,</span> <span class='ocrx_word' id='word_1_215' title='bbox 906 3170 959 3242; x_wconf 90' lang='lat' dir='ltr'>ut,</span> <span class='ocrx_word' id='word_1_216' title='bbox 978 3157 1087 3229; x_wconf 92' lang='lat' dir='ltr'>dando</span> <span class='ocrx_word' id='word_1_217' title='bbox 1111 3171 1143 3229; x_wconf 93' lang='lat' dir='ltr'>et</span> <span class='ocrx_word' id='word_1_218' title='bbox 1162 3155 1365 3257; x_wconf 89' lang='lat' dir='ltr'>recipiendo,</span> <span class='ocrx_word' id='word_1_219' title='bbox 1384 3156 1455 3228; x_wconf 79' lang='lat' dir='ltr'>vite</span> <span class='ocrx_word' id='word_1_220' title='bbox 1478 3155 1666 3231; x_wconf 86' lang='lat' dir='ltr'>thesaurum</span> <span class='ocrx_word' id='word_1_221' title='bbox 1680 3157 1813 3230; x_wconf 80' lang='lat' dir='ltr'>lucrifa-</span> 
     </span>
     <span class='ocr_line' id='line_1_22' title="bbox 244 3303 337 3349; baseline 0 0"><span class='ocrx_word' id='word_1_222' title='bbox 244 3303 337 3349; x_wconf 89' lang='lat' dir='ltr'>cram.</span> 
     </span>
    </p>
   </div>
   <div class='ocr_carea' id='block_1_6' title="bbox 244 3471 1815 5144">
    <p class='ocr_par' dir='ltr' id='par_1_6' title="bbox 296 3471 1813 3576">
     <span class='ocr_line' id='line_1_23' title="bbox 296 3471 1813 3576; baseline 0.001 -33"><span class='ocrx_word' id='word_1_223' title='bbox 296 3472 379 3544; x_wconf 90' lang='lat' dir='ltr'>lllll.</span> <span class='ocrx_word' id='word_1_224' title='bbox 407 3471 447 3544; x_wconf 80' lang='lat' dir='ltr'>At</span> <span class='ocrx_word' id='word_1_225' title='bbox 467 3473 546 3573; x_wconf 91' lang='lat' dir='ltr'>quid</span> <span class='ocrx_word' id='word_1_226' title='bbox 563 3473 669 3546; x_wconf 89' lang='lat' dir='ltr'>dicam</span> <span class='ocrx_word' id='word_1_227' title='bbox 685 3473 803 3576; x_wconf 88' lang='lat' dir='ltr'>quidve</span> <span class='ocrx_word' id='word_1_228' title='bbox 821 3473 977 3573; x_wconf 76' lang='lat' dir='ltr'>eloquar?</span> <span class='ocrx_word' id='word_1_229' title='bbox 997 3473 1102 3545; x_wconf 70' lang='lat' dir='ltr'>«Ecce</span> <span class='ocrx_word' id='word_1_230' title='bbox 1119 3473 1207 3570; x_wconf 89' lang='lat' dir='ltr'>virgo</span> <span class='ocrx_word' id='word_1_231' title='bbox 1221 3473 1379 3573; x_wconf 90' lang='lat' dir='ltr'>concipiet</span> <span class='ocrx_word' id='word_1_232' title='bbox 1392 3486 1423 3546; x_wconf 90' lang='lat' dir='ltr'>et</span> <span class='ocrx_word' id='word_1_233' title='bbox 1438 3474 1541 3574; x_wconf 89' lang='lat' dir='ltr'>pariet</span> <span class='ocrx_word' id='word_1_234' title='bbox 1556 3472 1661 3546; x_wconf 87' lang='lat' dir='ltr'>lilium</span> <span class='ocrx_word' id='word_1_235' title='bbox 1675 3485 1708 3546; x_wconf 91' lang='lat' dir='ltr'>et</span> <span class='ocrx_word' id='word_1_236' title='bbox 1722 3499 1813 3546; x_wconf 93' lang='lat' dir='ltr'>voca-</span> 
     </span>
    </p>

    <p class='ocr_par' dir='ltr' id='par_1_7' title="bbox 244 3592 1815 5144">
     <span class='ocr_line' id='line_1_24' title="bbox 246 3592 1811 3695; baseline 0.003 -34"><span class='ocrx_word' id='word_1_237' title='bbox 246 3592 360 3668; x_wconf 69' lang='lat' dir='ltr'>‹zbitur</span> <span class='ocrx_word' id='word_1_238' title='bbox 369 3619 489 3666; x_wconf 88' lang='lat' dir='ltr'>nomen</span> <span class='ocrx_word' id='word_1_239' title='bbox 502 3595 571 3693; x_wconf 89' lang='lat' dir='ltr'>ejus</span> <span class='ocrx_word' id='word_1_240' title='bbox 581 3594 792 3680; x_wconf 88' lang='lat' dir='ltr'>Emmanuel;</span> <span class='ocrx_word' id='word_1_241' title='bbox 806 3593 894 3695; x_wconf 92' lang='lat' dir='ltr'>qnod</span> <span class='ocrx_word' id='word_1_242' title='bbox 907 3608 955 3668; x_wconf 92' lang='lat' dir='ltr'>est</span> <span class='ocrx_word' id='word_1_243' title='bbox 969 3593 1217 3694; x_wconf 88' lang='lat' dir='ltr'>interpretatum</span> <span class='ocrx_word' id='word_1_244' title='bbox 1231 3593 1401 3667; x_wconf 89' lang='lat' dir='ltr'>nobiscum</span> <span class='ocrx_word' id='word_1_245' title='bbox 1413 3595 1558 3668; x_wconf 61' lang='lat' dir='ltr'>Deusta</span> <span class='ocrx_word' id='word_1_246' title='bbox 1573 3593 1643 3668; x_wconf 88' lang='lat' dir='ltr'>Non</span> <span class='ocrx_word' id='word_1_247' title='bbox 1656 3607 1811 3694; x_wconf 89' lang='lat' dir='ltr'>tanquam</span> 
     </span>
     <span class='ocr_line' id='line_1_25' title="bbox 245 3712 1814 3815; baseline 0.002 -30"><span class='ocrx_word' id='word_1_248' title='bbox 245 3712 397 3813; x_wconf 89' lang='lat' dir='ltr'>deinceps</span> <span class='ocrx_word' id='word_1_249' title='bbox 409 3714 555 3788; x_wconf 87' lang='lat' dir='ltr'>loturum</span> <span class='ocrx_word' id='word_1_250' title='bbox 572 3728 733 3800; x_wconf 88' lang='lat' dir='ltr'>narratur,</span> <span class='ocrx_word' id='word_1_251' title='bbox 750 3727 787 3786; x_wconf 90' lang='grc' dir='ltr'>ιιι</span> <span class='ocrx_word' id='word_1_252' title='bbox 803 3714 837 3788; x_wconf 94' lang='lat' dir='ltr'>in</span> <span class='ocrx_word' id='word_1_253' title='bbox 855 3714 917 3788; x_wconf 91' lang='lat' dir='ltr'>hoc</span> <span class='ocrx_word' id='word_1_254' title='bbox 932 3715 1139 3815; x_wconf 87' lang='lat' dir='ltr'>respicientes</span> <span class='ocrx_word' id='word_1_255' title='bbox 1156 3741 1247 3814; x_wconf 89' lang='lat' dir='ltr'>spem</span> <span class='ocrx_word' id='word_1_256' title='bbox 1262 3713 1482 3800; x_wconf 87' lang='lat' dir='ltr'>addiscamus,</span> <span class='ocrx_word' id='word_1_257' title='bbox 1498 3713 1556 3786; x_wconf 90' lang='lat' dir='ltr'>sed</span> <span class='ocrx_word' id='word_1_258' title='bbox 1574 3729 1729 3814; x_wconf 87' lang='lat' dir='ltr'>tanquam</span> <span class='ocrx_word' id='word_1_259' title='bbox 1745 3713 1814 3788; x_wconf 84' lang='lat' dir='ltr'>lac·</span> 
     </span>
     <span class='ocr_line' id='line_1_26' title="bbox 245 3830 1812 3936; baseline 0.002 -31"><span class='ocrx_word' id='word_1_260' title='bbox 245 3846 314 3906; x_wconf 91' lang='lat' dir='ltr'>tum</span> <span class='ocrx_word' id='word_1_261' title='bbox 338 3847 370 3906; x_wconf 94' lang='grc' dir='ltr'><strong>ει</strong></span> <span class='ocrx_word' id='word_1_262' title='bbox 394 3833 591 3934; x_wconf 86' lang='lat' dir='ltr'>completum</span> <span class='ocrx_word' id='word_1_263' title='bbox 613 3835 725 3908; x_wconf 90' lang='lat' dir='ltr'>mirari</span> <span class='ocrx_word' id='word_1_264' title='bbox 747 3848 874 3936; x_wconf 89' lang='lat' dir='ltr'>oportet</span> <span class='ocrx_word' id='word_1_265' title='bbox 894 3849 926 3908; x_wconf 92' lang='lat' dir='ltr'>et</span> <span class='ocrx_word' id='word_1_266' title='bbox 948 3862 1092 3908; x_wconf 89' lang='lat' dir='ltr'>narrare.</span> <span class='ocrx_word' id='word_1_267' title='bbox 1109 3835 1158 3908; x_wconf 85' lang='lat' dir='ltr'>Ad</span> <span class='ocrx_word' id='word_1_268' title='bbox 1181 3835 1309 3908; x_wconf 81' lang='lat' dir='ltr'>ludoeos</span> <span class='ocrx_word' id='word_1_269' title='bbox 1331 3849 1427 3910; x_wconf 90' lang='lat' dir='ltr'>antea</span> <span class='ocrx_word' id='word_1_270' title='bbox 1450 3862 1555 3908; x_wconf 90' lang='lat' dir='ltr'>sermo</span> <span class='ocrx_word' id='word_1_271' title='bbox 1577 3830 1812 3935; x_wconf 80' lang='lat' dir='ltr'>proferebatur,</span> 
     </span>
     <span class='ocr_line' id='line_1_27' title="bbox 244 3955 1814 4057; baseline 0 -29"><span class='ocrx_word' id='word_1_272' title='bbox 244 3956 400 4055; x_wconf 90' lang='lat' dir='ltr'>quoniam</span> <span class='ocrx_word' id='word_1_273' title='bbox 418 3956 451 4027; x_wconf 93' lang='lat' dir='ltr'>in</span> <span class='ocrx_word' id='word_1_274' title='bbox 472 3956 518 4028; x_wconf 92' lang='lat' dir='ltr'>eis</span> <span class='ocrx_word' id='word_1_275' title='bbox 539 3956 736 4057; x_wconf 90' lang='lat' dir='ltr'>completum</span> <span class='ocrx_word' id='word_1_276' title='bbox 755 3970 813 4030; x_wconf 92' lang='lat' dir='ltr'>est.</span> <span class='ocrx_word' id='word_1_277' title='bbox 833 3957 952 4030; x_wconf 89' lang='lat' dir='ltr'>Verum</span> <span class='ocrx_word' id='word_1_278' title='bbox 971 3957 1005 4028; x_wconf 94' lang='lat' dir='ltr'>in</span> <span class='ocrx_word' id='word_1_279' title='bbox 1031 3957 1125 4028; x_wconf 92' lang='lat' dir='ltr'>nobis</span> <span class='ocrx_word' id='word_1_280' title='bbox 1143 3955 1296 4030; x_wconf 91' lang='lat' dir='ltr'>credibile</span> <span class='ocrx_word' id='word_1_281' title='bbox 1318 3955 1440 4030; x_wconf 84' lang='lat' dir='ltr'>factum</span> <span class='ocrx_word' id='word_1_282' title='bbox 1458 3970 1506 4030; x_wconf 90' lang='lat' dir='ltr'>est</span> <span class='ocrx_word' id='word_1_283' title='bbox 1523 3961 1679 4056; x_wconf 88' lang='lat' dir='ltr'>quoniam</span> <span class='ocrx_word' id='word_1_284' title='bbox 1698 3983 1814 4057; x_wconf 85' lang='lat' dir='ltr'>appre-</span> 
     </span>
     <span class='ocr_line' id='line_1_28' title="bbox 244 4074 1811 4177; baseline 0.002 -30"><span class='ocrx_word' id='word_1_285' title='bbox 244 4074 417 4148; x_wconf 91' lang='lat' dir='ltr'>hendimus</span> <span class='ocrx_word' id='word_1_286' title='bbox 431 4090 463 4148; x_wconf 91' lang='lat' dir='ltr'>et</span> <span class='ocrx_word' id='word_1_287' title='bbox 478 4075 658 4176; x_wconf 90' lang='lat' dir='ltr'>recepimus</span> <span class='ocrx_word' id='word_1_288' title='bbox 671 4090 702 4149; x_wconf 88' lang='lat' dir='ltr'>ct</span> <span class='ocrx_word' id='word_1_289' title='bbox 720 4075 925 4150; x_wconf 91' lang='lat' dir='ltr'>credidimus.</span> <span class='ocrx_word' id='word_1_290' title='bbox 941 4075 990 4149; x_wconf 82' lang='lat' dir='ltr'>ld</span> <span class='ocrx_word' id='word_1_291' title='bbox 1002 4075 1132 4149; x_wconf 84' lang='lat' dir='ltr'>Jndaeos</span> <span class='ocrx_word' id='word_1_292' title='bbox 1145 4075 1248 4150; x_wconf 85' lang='lat' dir='ltr'>verbis</span> <span class='ocrx_word' id='word_1_293' title='bbox 1261 4075 1389 4149; x_wconf 90' lang='lat' dir='ltr'>dicebat</span> <span class='ocrx_word' id='word_1_294' title='bbox 1402 4077 1563 4177; x_wconf 88' lang='lat' dir='ltr'>Propheta</span> <span class='ocrx_word' id='word_1_295' title='bbox 1577 4109 1585 4150; x_wconf 90' lang='lat'>:</span> <span class='ocrx_word' id='word_1_296' title='bbox 1603 4077 1708 4150; x_wconf 67' lang='lat' dir='ltr'>«Ecce</span> <span class='ocrx_word' id='word_1_297' title='bbox 1725 4077 1811 4175; x_wconf 89' lang='lat' dir='ltr'>virgo</span> 
     </span>
     <span class='ocr_line' id='line_1_29' title="bbox 246 4195 1811 4298; baseline 0.005 -34"><span class='ocrx_word' id='word_1_298' title='bbox 246 4195 491 4295; x_wconf 65' lang='lat' dir='ltr'>«concipiet²,v</span> <span class='ocrx_word' id='word_1_299' title='bbox 509 4222 618 4269; x_wconf 90' lang='lat' dir='ltr'>verum</span> <span class='ocrx_word' id='word_1_300' title='bbox 638 4198 680 4270; x_wconf 88' lang='lat' dir='ltr'>ad</span> <span class='ocrx_word' id='word_1_301' title='bbox 698 4197 896 4270; x_wconf 87' lang='lat' dir='ltr'>Christianos</span> <span class='ocrx_word' id='word_1_302' title='bbox 915 4211 947 4269; x_wconf 91' lang='lat' dir='ltr'>et</span> <span class='ocrx_word' id='word_1_303' title='bbox 966 4197 1009 4270; x_wconf 90' lang='lat' dir='ltr'>ad</span> <span class='ocrx_word' id='word_1_304' title='bbox 1027 4197 1201 4270; x_wconf 84' lang='lat' dir='ltr'>Ecclesiam</span> <span class='ocrx_word' id='word_1_305' title='bbox 1223 4224 1344 4281; x_wconf 87' lang='lat' dir='ltr'>sermo,</span> <span class='ocrx_word' id='word_1_306' title='bbox 1365 4197 1462 4271; x_wconf 87' lang='lat' dir='ltr'>rebus</span> <span class='ocrx_word' id='word_1_307' title='bbox 1479 4197 1662 4297; x_wconf 92' lang='lat' dir='ltr'>divitiisque</span> <span class='ocrx_word' id='word_1_308' title='bbox 1679 4196 1811 4298; x_wconf 83' lang='lat' dir='ltr'>plenus.</span> 
     </span>
     <span class='ocr_line' id='line_1_30' title="bbox 245 4316 1814 4419; baseline 0.002 -30"><span class='ocrx_word' id='word_1_309' title='bbox 245 4316 406 4414; x_wconf 83' lang='lat' dir='ltr'>dirigitur.</span> <span class='ocrx_word' id='word_1_310' title='bbox 426 4317 532 4390; x_wconf 80' lang='lat' dir='ltr'>ludaei</span> <span class='ocrx_word' id='word_1_311' title='bbox 555 4317 647 4414; x_wconf 89' lang='lat' dir='ltr'>Legis</span> <span class='ocrx_word' id='word_1_312' title='bbox 672 4318 797 4391; x_wconf 88' lang='lat' dir='ltr'>tabulas</span> <span class='ocrx_word' id='word_1_313' title='bbox 816 4318 977 4403; x_wconf 86' lang='lat' dir='ltr'>tulerunt,</span> <span class='ocrx_word' id='word_1_314' title='bbox 994 4317 1168 4392; x_wconf 88' lang='lat' dir='ltr'>Christiani</span> <span class='ocrx_word' id='word_1_315' title='bbox 1190 4318 1389 4392; x_wconf 88' lang='lat' dir='ltr'>adorandam</span> <span class='ocrx_word' id='word_1_316' title='bbox 1410 4318 1641 4418; x_wconf 85' lang='lat' dir='ltr'>Margaritam³</span> <span class='ocrx_word' id='word_1_317' title='bbox 1657 4316 1814 4419; x_wconf 89' lang='lat' dir='ltr'>possede-</span> 
     </span>
     <span class='ocr_line' id='line_1_31' title="bbox 245 4436 1813 4538; baseline 0.001 -29"><span class='ocrx_word' id='word_1_318' title='bbox 245 4450 333 4510; x_wconf 90' lang='lat' dir='ltr'>runt.</span> <span class='ocrx_word' id='word_1_319' title='bbox 350 4436 401 4509; x_wconf 92' lang='lat' dir='ltr'>Illi</span> <span class='ocrx_word' id='word_1_320' title='bbox 421 4437 528 4509; x_wconf 88' lang='lat' dir='ltr'>lanam</span> <span class='ocrx_word' id='word_1_321' title='bbox 548 4465 693 4538; x_wconf 91' lang='lat' dir='ltr'>purpura</span> <span class='ocrx_word' id='word_1_322' title='bbox 707 4441 857 4526; x_wconf 89' lang='lat' dir='ltr'>tinctam,</span> <span class='ocrx_word' id='word_1_323' title='bbox 876 4440 928 4512; x_wconf 93' lang='lat' dir='ltr'>isti</span> <span class='ocrx_word' id='word_1_324' title='bbox 948 4439 1143 4511; x_wconf 86' lang='lat' dir='ltr'>dominicam</span> <span class='ocrx_word' id='word_1_325' title='bbox 1164 4438 1342 4512; x_wconf 90' lang='lat' dir='ltr'>induerunt</span> <span class='ocrx_word' id='word_1_326' title='bbox 1361 4439 1516 4513; x_wconf 89' lang='lat' dir='ltr'>tunicam.</span> <span class='ocrx_word' id='word_1_327' title='bbox 1535 4439 1573 4512; x_wconf 94' lang='lat' dir='ltr'>ln</span> <span class='ocrx_word' id='word_1_328' title='bbox 1589 4437 1701 4513; x_wconf 82' lang='lat' dir='ltr'>ludoea</span> <span class='ocrx_word' id='word_1_329' title='bbox 1724 4438 1813 4537; x_wconf 90' lang='lat' dir='ltr'>virgo</span> 
     </span>
     <span class='ocr_line' id='line_1_32' title="bbox 245 4559 1813 4661; baseline 0.002 -33"><span class='ocrx_word' id='word_1_330' title='bbox 245 4559 386 4657; x_wconf 89' lang='lat' dir='ltr'>peperit,</span> <span class='ocrx_word' id='word_1_331' title='bbox 405 4559 462 4632; x_wconf 90' lang='lat' dir='ltr'>scd</span> <span class='ocrx_word' id='word_1_332' title='bbox 479 4586 591 4632; x_wconf 90' lang='lat' dir='ltr'>omncs</span> <span class='ocrx_word' id='word_1_333' title='bbox 609 4559 672 4631; x_wconf 94' lang='lat' dir='ltr'>loci</span> <span class='ocrx_word' id='word_1_334' title='bbox 687 4559 790 4632; x_wconf 84' lang='lat' dir='ltr'>filium</span> <span class='ocrx_word' id='word_1_335' title='bbox 808 4572 1015 4659; x_wconf 85' lang='lat' dir='ltr'>receperunt;</span> <span class='ocrx_word' id='word_1_336' title='bbox 1036 4560 1176 4659; x_wconf 89' lang='lat' dir='ltr'>populus</span> <span class='ocrx_word' id='word_1_337' title='bbox 1194 4585 1268 4631; x_wconf 92' lang='lat' dir='ltr'>eum</span> <span class='ocrx_word' id='word_1_338' title='bbox 1287 4559 1413 4633; x_wconf 88' lang='lat' dir='ltr'>lactavit</span> <span class='ocrx_word' id='word_1_339' title='bbox 1431 4560 1583 4661; x_wconf 89' lang='lat' dir='ltr'>illiusque</span> <span class='ocrx_word' id='word_1_340' title='bbox 1599 4587 1710 4634; x_wconf 88' lang='lat' dir='ltr'>curam</span> <span class='ocrx_word' id='word_1_341' title='bbox 1731 4559 1813 4660; x_wconf 88' lang='lat' dir='ltr'>egit;</span> 
     </span>
     <span class='ocr_line' id='line_1_33' title="bbox 246 4677 1815 4779; baseline 0.003 -31"><span class='ocrx_word' id='word_1_342' title='bbox 246 4677 386 4750; x_wconf 85' lang='lat' dir='ltr'>Ecclesia</span> <span class='ocrx_word' id='word_1_343' title='bbox 401 4706 475 4750; x_wconf 87' lang='lat' dir='ltr'>eum</span> <span class='ocrx_word' id='word_1_344' title='bbox 492 4679 613 4778; x_wconf 91' lang='lat' dir='ltr'>accepit</span> <span class='ocrx_word' id='word_1_345' title='bbox 626 4679 773 4779; x_wconf 83' lang='lat' dir='ltr'>iactaque</span> <span class='ocrx_word' id='word_1_346' title='bbox 790 4695 837 4752; x_wconf 90' lang='lat' dir='ltr'>est</span> <span class='ocrx_word' id='word_1_347' title='bbox 853 4680 1033 4764; x_wconf 71' lang='lat' dir='ltr'>fructifera,</span> <span class='ocrx_word' id='word_1_348' title='bbox 1048 4679 1081 4750; x_wconf 95' lang='lat' dir='ltr'>in</span> <span class='ocrx_word' id='word_1_349' title='bbox 1098 4678 1154 4750; x_wconf 95' lang='lat' dir='ltr'>illo</span> <span class='ocrx_word' id='word_1_350' title='bbox 1170 4677 1260 4751; x_wconf 82' lang='lat' dir='ltr'>radix</span> <span class='ocrx_word' id='word_1_351' title='bbox 1273 4678 1389 4763; x_wconf 78' lang='lat' dir='ltr'>vinee,</span> <span class='ocrx_word' id='word_1_352' title='bbox 1400 4680 1434 4752; x_wconf 94' lang='lat' dir='ltr'>in</span> <span class='ocrx_word' id='word_1_353' title='bbox 1447 4680 1507 4752; x_wconf 93' lang='lat' dir='ltr'>bac</span> <span class='ocrx_word' id='word_1_354' title='bbox 1521 4707 1582 4752; x_wconf 91' lang='lat' dir='ltr'>uva</span> <span class='ocrx_word' id='word_1_355' title='bbox 1595 4679 1753 4766; x_wconf 77' lang='lat' dir='ltr'>veritatis3</span> <span class='ocrx_word' id='word_1_356' title='bbox 1766 4677 1815 4752; x_wconf 91' lang='lat' dir='ltr'>illi</span> 
     </span>
     <span class='ocr_line' id='line_1_34' title="bbox 247 4797 1814 4900; baseline 0.003 -32"><span class='ocrx_word' id='word_1_357' title='bbox 247 4823 389 4870; x_wconf 90' lang='lat' dir='ltr'>racemos</span> <span class='ocrx_word' id='word_1_358' title='bbox 413 4812 615 4898; x_wconf 88' lang='lat' dir='ltr'>presserunt,</span> <span class='ocrx_word' id='word_1_359' title='bbox 641 4799 781 4872; x_wconf 87' lang='lat' dir='ltr'>Gentiles</span> <span class='ocrx_word' id='word_1_360' title='bbox 807 4797 1026 4898; x_wconf 75' lang='lat' dir='ltr'>inysteriosum</span> <span class='ocrx_word' id='word_1_361' title='bbox 1055 4798 1210 4870; x_wconf 91' lang='lat' dir='ltr'>biberunt</span> <span class='ocrx_word' id='word_1_362' title='bbox 1232 4797 1343 4900; x_wconf 82' lang='lat'><strong>(139)</strong></span> <span class='ocrx_word' id='word_1_363' title='bbox 1367 4801 1576 4898; x_wconf 67' lang='lat' dir='ltr'>sanguinem</span> <span class='ocrx_word' id='word_1_364' title='bbox 1602 4799 1650 4872; x_wconf 94' lang='lat' dir='ltr'>illi</span> <span class='ocrx_word' id='word_1_365' title='bbox 1676 4825 1814 4898; x_wconf 88' lang='lat' dir='ltr'>granum</span> 
     </span>
     <span class='ocr_line' id='line_1_35' title="bbox 247 4919 1813 5022; baseline 0.001 -32"><span class='ocrx_word' id='word_1_366' title='bbox 247 4919 399 4990; x_wconf 78' lang='lat' dir='ltr'>frumenti</span> <span class='ocrx_word' id='word_1_367' title='bbox 425 4920 641 5002; x_wconf 85' lang='lat' dir='ltr'>seminarunt,</span> <span class='ocrx_word' id='word_1_368' title='bbox 662 4920 788 4991; x_wconf 91' lang='lat' dir='ltr'>Ethnici</span> <span class='ocrx_word' id='word_1_369' title='bbox 812 4920 931 5019; x_wconf 91' lang='lat' dir='ltr'>spicam</span> <span class='ocrx_word' id='word_1_370' title='bbox 960 4919 1023 4991; x_wconf 85' lang='lat' dir='ltr'>fide</span> <span class='ocrx_word' id='word_1_371' title='bbox 1049 4933 1268 5002; x_wconf 81' lang='lat' dir='ltr'>messuerunt3</span> <span class='ocrx_word' id='word_1_372' title='bbox 1290 4920 1393 4993; x_wconf 78' lang='lat' dir='ltr'>Judei</span> <span class='ocrx_word' id='word_1_373' title='bbox 1421 4921 1521 5022; x_wconf 89' lang='lat' dir='ltr'>spinis</span> <span class='ocrx_word' id='word_1_374' title='bbox 1548 4921 1695 4994; x_wconf 85' lang='lat' dir='ltr'>suffocati</span> <span class='ocrx_word' id='word_1_375' title='bbox 1722 4933 1813 5006; x_wconf 92' lang='lat' dir='ltr'>sunt,</span> 
     </span>
     <span class='ocr_line' id='line_1_36' title="bbox 248 5039 1815 5144; baseline 0.003 -36"><span class='ocrx_word' id='word_1_376' title='bbox 248 5039 373 5112; x_wconf 91' lang='lat' dir='ltr'>Ethnici</span> <span class='ocrx_word' id='word_1_377' title='bbox 400 5040 494 5112; x_wconf 92' lang='lat' dir='ltr'>donis</span> <span class='ocrx_word' id='word_1_378' title='bbox 514 5041 629 5140; x_wconf 90' lang='lat' dir='ltr'>repleti</span> <span class='ocrx_word' id='word_1_379' title='bbox 648 5053 739 5125; x_wconf 72' lang='lat' dir='ltr'>sunt,</span> <span class='ocrx_word' id='word_1_380' title='bbox 754 5041 801 5111; x_wconf 92' lang='lat' dir='ltr'>illi</span> <span class='ocrx_word' id='word_1_381' title='bbox 819 5039 880 5111; x_wconf 92' lang='lat' dir='ltr'>sub</span> <span class='ocrx_word' id='word_1_382' title='bbox 897 5039 1053 5112; x_wconf 90' lang='lat' dir='ltr'>desiccata</span> <span class='ocrx_word' id='word_1_383' title='bbox 1071 5040 1227 5112; x_wconf 90' lang='lat' dir='ltr'>sedebant</span> <span class='ocrx_word' id='word_1_384' title='bbox 1245 5041 1375 5124; x_wconf 82' lang='lat' dir='ltr'>arbore,</span> <span class='ocrx_word' id='word_1_385' title='bbox 1395 5041 1447 5113; x_wconf 90' lang='lat' dir='ltr'>isti</span> <span class='ocrx_word' id='word_1_386' title='bbox 1462 5041 1523 5116; x_wconf 91' lang='lat' dir='ltr'>sub</span> <span class='ocrx_word' id='word_1_387' title='bbox 1540 5041 1679 5144; x_wconf 90' lang='lat' dir='ltr'>pedibus</span> <span class='ocrx_word' id='word_1_388' title='bbox 1692 5040 1815 5114; x_wconf 89' lang='lat' dir='ltr'>arboris</span> 
     </span>
    </p>
   </div>
   <div class='ocr_carea' id='block_1_7' title="bbox 246 5232 1814 5401">
    <p class='ocr_par' dir='ltr' id='par_1_8' title="bbox 246 5232 1814 5401">
     <span class='ocr_line' id='line_1_37' title="bbox 286 5232 1814 5311; baseline 0.004 -25"><span class='ocrx_word' id='word_1_389' title='bbox 286 5236 292 5265; x_wconf 89' lang='lat'><strong>¹</strong></span> <span class='ocrx_word' id='word_1_390' title='bbox 312 5232 399 5288; x_wconf 75' lang='lat' dir='ltr'>Maro.</span> <span class='ocrx_word' id='word_1_391' title='bbox 414 5253 436 5298; x_wconf 88' lang='grc' dir='ltr'><strong>ι,</strong></span> <span class='ocrx_word' id='word_1_392' title='bbox 454 5237 496 5289; x_wconf 83' lang='lat' dir='ltr'>a3.</span> <span class='ocrx_word' id='word_1_393' title='bbox 518 5267 554 5276; x_wconf 90' lang='lat'><em>-</em></span> <span class='ocrx_word' id='word_1_394' title='bbox 569 5241 578 5272; x_wconf 82' lang='lat'><strong>¹</strong></span> <span class='ocrx_word' id='word_1_395' title='bbox 593 5235 684 5300; x_wconf 73' lang='lat' dir='ltr'>lacios,</span> <span class='ocrx_word' id='word_1_396' title='bbox 695 5255 741 5299; x_wconf 85' lang='lat' dir='ltr'>vn,</span> <span class='ocrx_word' id='word_1_397' title='bbox 761 5235 801 5289; x_wconf 81' lang='lat' dir='ltr'>rh.</span> <span class='ocrx_word' id='word_1_398' title='bbox 816 5267 852 5275; x_wconf 99' lang='lat'>-</span> <span class='ocrx_word' id='word_1_399' title='bbox 867 5239 876 5269; x_wconf 82' lang='lat'><strong>³</strong></span> <span class='ocrx_word' id='word_1_400' title='bbox 891 5235 1005 5309; x_wconf 76' lang='lat' dir='ltr'>Antiquis</span> <span class='ocrx_word' id='word_1_401' title='bbox 1020 5235 1131 5291; x_wconf 81' lang='lat' dir='ltr'>Ecclesiae</span> <span class='ocrx_word' id='word_1_402' title='bbox 1143 5235 1269 5300; x_wconf 85' lang='lat' dir='ltr'>Patribus,</span> <span class='ocrx_word' id='word_1_403' title='bbox 1286 5237 1421 5310; x_wconf 77' lang='lat' dir='ltr'>presertim</span> <span class='ocrx_word' id='word_1_404' title='bbox 1435 5237 1466 5292; x_wconf 85' lang='lat' dir='ltr'>iis</span> <span class='ocrx_word' id='word_1_405' title='bbox 1475 5237 1519 5311; x_wconf 89' lang='lat' dir='ltr'>q&#39;ui</span> <span class='ocrx_word' id='word_1_406' title='bbox 1530 5237 1661 5293; x_wconf 82' lang='lat' dir='ltr'>Ecclesiam</span> <span class='ocrx_word' id='word_1_407' title='bbox 1671 5237 1814 5292; x_wconf 81' lang='lat' dir='ltr'>orienthlem</span> 
     </span>
     <span class='ocr_line' id='line_1_38' title="bbox 246 5323 1351 5401; baseline 0.005 -26"><span class='ocrx_word' id='word_1_408' title='bbox 246 5323 411 5388; x_wconf 86' lang='lat' dir='ltr'>adornarunt,</span> <span class='ocrx_word' id='word_1_409' title='bbox 427 5345 479 5380; x_wconf 85' lang='lat' dir='ltr'>nvos</span> <span class='ocrx_word' id='word_1_410' title='bbox 498 5335 533 5380; x_wconf 86' lang='lat' dir='ltr'>est</span> <span class='ocrx_word' id='word_1_411' title='bbox 549 5327 674 5381; x_wconf 82' lang='lat' dir='ltr'>(llrristum</span> <span class='ocrx_word' id='word_1_412' title='bbox 691 5345 774 5382; x_wconf 85' lang='lat' dir='ltr'>vocare</span> <span class='ocrx_word' id='word_1_413' title='bbox 790 5325 958 5398; x_wconf 72' lang='lat' dir='ltr'>Margus-itam.</span> <span class='ocrx_word' id='word_1_414' title='bbox 975 5326 1077 5400; x_wconf 83' lang='lat' dir='ltr'>Vulgata</span> <span class='ocrx_word' id='word_1_415' title='bbox 1090 5326 1157 5401; x_wconf 83' lang='lat' dir='ltr'>apud</span> <span class='ocrx_word' id='word_1_416' title='bbox 1168 5328 1242 5400; x_wconf 74' lang='lat' dir='ltr'>Syrus</span> <span class='ocrx_word' id='word_1_417' title='bbox 1254 5347 1298 5382; x_wconf 77' lang='lat' dir='ltr'>ror</span> <span class='ocrx_word' id='word_1_418' title='bbox 1308 5335 1351 5382; x_wconf 84' lang='lat' dir='ltr'>cst.</span> 
     </span>
    </p>
   </div>
   <div class='ocr_carea' id='block_1_8' title="bbox 0 0 2015 6098">
    <p class='ocr_par' dir='ltr' id='par_1_9' title="bbox 0 0 2015 6098">
     <span class='ocr_line' id='line_1_39' title="bbox 0 0 2015 6098; baseline 0 0"><span class='ocrx_word' id='word_1_419' title='bbox 0 0 2015 6098; x_wconf 95' lang='lat' dir='ltr'> </span> 
     </span>
    </p>
   </div>
  </div>
 </body>
</html>
