4006 6098
282 561 350 628 ltu
624 560 797 626 PATRUM
836 560 1238 630 tnuunlcun‘urtull
1270 563 1508 630 inlutum.

283 709 468 794 butiouem,
491 709 632 782 animam
655 736 747 780 suam
773 709 900 784 efflavit.
925 709 1007 782 Cum
1031 711 1065 783 iu
1094 711 1220 784 Christo
1247 712 1487 798 obdormiisset,
1509 742 1526 786 a
1553 729 1656 787 morte
1684 717 1726 788 ad
1755 719 1856 790 vitam

282 833 414 933 superni
436 832 550 905 mundi
574 831 763 916 translatus,
782 844 897 934 terque
919 833 1015 905 beato
1042 833 1158 906 divina
1179 835 1290 932 glorie
1313 835 1485 935 splendore
1508 837 1692 921 redimitus,
1712 839 1856 910 mirabili

281 954 407 1052 fulgore
436 953 512 1026 solis
543 953 645 1026 instar
671 952 824 1038 rutilans,
851 955 1014 1052 justorum
1045 955 1106 1026 vita
1133 956 1337 1041 iunctorum,
1361 957 1569 1056 antiquorum
1597 959 1855 1056 patriarcharum

282 1075 451 1148 animabus
472 1075 637 1175 appositus
655 1089 719 1158 est,
738 1076 811 1160 ubi,
833 1076 867 1148 in
891 1077 1026 1148 eoelestis
1043 1076 1223 1150 Jerusalem
1242 1105 1358 1174 regno,
1374 1078 1504 1176 Angelis
1529 1078 1646 1151 laetitiae
1664 1107 1759 1152 causa
1778 1109 1855 1152 om-

281 1197 442 1298 nibusque
460 1197 495 1268 in
513 1196 676 1268 Christum
693 1196 899 1268 credentibus
911 1197 1068 1269 mercedis
1084 1199 1232 1298 primitiae
1249 1200 1365 1282 lactus,
1382 1213 1545 1299 sceptrum
1562 1203 1667 1272 tenet!
1684 1198 1794 1302 (105)
1912 1245 1916 1252 ·

331 1374 384 1446 lv.
413 1374 615 1474 Stephanus,
632 1401 747 1474 quem,
764 1373 891 1474 pietatis
908 1401 1105 1473 praeconem,
1124 1388 1160 1447 ut
1176 1375 1386 1474 Evangelium
1403 1389 1489 1448 retro
1501 1377 1675 1476 pellerent,
1690 1377 1731 1450 de
1745 1380 1853 1450 medie

282 1495 394 1568 tollere
418 1495 478 1566 nisi
503 1508 579 1567 sunt
602 1494 799 1567 deicidarum
829 1521 926 1594 opera
950 1495 1128 1580 imitantes,
1153 1524 1241 1568 nunc
1264 1525 1390 1570 summo
1409 1497 1533 1570 locatus
1553 1497 1586 1569 in
1607 1498 1749 1584 bonore,
1767 1499 1855 1571 inter

282 1617 444 1715 angelicos
470 1615 615 1701 ordines,
639 1644 712 1688 eum
736 1615 838 1687 Paulo
862 1643 1001 1716 cumque
1023 1617 1141 1690 Sancte
1165 1618 1374 1702 Sanctorum,
1396 1619 1431 1690 in
1456 1619 1589 1719 superni
1613 1621 1706 1718 regni
1730 1621 1855 1692 aedibus

282 1751 411 1837 regnat,
430 1737 541 1809 locans
560 1751 592 1810 et
606 1735 752 1809 exultans
767 1764 841 1808 cum
857 1737 1008 1809 omnibus
1023 1739 1140 1811 sanetis
1157 1767 1216 1840 per
1234 1739 1361 1812 inlinita
1380 1740 1510 1812 saeculal

333 1858 534 1959 Stephanus,
553 1872 587 1930 ut
604 1857 769 1930 immobile
784 1859 1033 1930 fundamentum
1050 1859 1201 1960 basisque
1217 1861 1421 1944 inconcussa,
1438 1862 1628 1962 praepositus
1645 1877 1692 1934 est
1706 1862 1854 1936 Ecclesia·

282 1981 461 2065 catholicae,
473 2008 538 2052 non
554 1994 679 2053 tantum
697 1981 778 2052 mira
797 1981 914 2053 uirtute
930 1992 962 2052 et
974 1981 1090 2052 invicto
1109 2010 1207 2082 quem
1223 1983 1362 2055 ostendit
1377 1983 1502 2067 animo,
1515 2010 1604 2068 cum,
1617 1983 1735 2056 auxilio
1750 1986 1854 2058 frctus

282 2102 418 2186 celesti,
427 2102 559 2200 justitiae
577 2103 745 2174 inimicum
762 2101 985 2201 impugnarct;
999 2102 1055 2174 sed
1074 2103 1291 2188 etian1,eum,
1310 2103 1480 2201 theologice
1500 2103 1617 2175 referta
1633 2105 1853 2176 confutatione

282 2251 393 2295 eorum
424 2224 480 2324 qui
508 2225 612 2297 Deum
634 2222 754 2295 invidia
772 2223 972 2323 impetebant
993 2238 1091 2324 atque
1114 2222 1301 2296 ludaeorum
1326 2225 1592 2324 reprehensione,
1620 2252 1718 2324 quam
1744 2253 1853 2298 corani

283 2345 436 2417 tribunali
463 2346 595 2427 habuit,
618 2372 786 2444 nunquam
813 2345 1037 2417 marcescentis
1065 2373 1206 2431 coronae,
1234 2347 1345 2444 gratiae
1370 2346 1404 2418 S.
1429 2346 1568 2446 Spiritus
1591 2344 1729 2432 lumine,
1754 2348 1852 2418 vitani

281 2465 501 2563 cupientibus,
515 2492 574 2564 per
587 2465 762 2537 exantlatos
781 2465 814 2535 in
832 2491 942 2564 pugna
959 2492 1017 2563 pro
1033 2465 1159 2538 Christe
1175 2467 1318 2552 laborm,
1339 2493 1435 2539 causa
1454 2466 1584 2539 exstititl

332 2586 534 2685 Stephanus,
557 2611 674 2657 corona
703 2585 866 2658 suavitatis
883 2613 983 2657 manu
1005 2587 1135 2658 Domini
1161 2601 1192 2659 et
1214 2587 1365 2659 diadema
1386 2588 1478 2686 regni
1502 2615 1599 2659 manu
1618 2589 1677 2660 Dei
1696 2587 1851 2661 electum!

281 2706 385 2789 unde,
402 2707 541 2805 pretiosa
555 2707 637 2778 sient
654 2733 797 2805 gemma,
815 2719 887 2791 aut,
904 2707 1075 2806 splendida
1091 2708 1174 2780 sicut
1186 2710 1376 2806 margarita,
1391 2709 1423 2780 in
1444 2709 1524 2781 tiara
1538 2710 1622 2808 regis
1640 2709 1750 2808 gloriae
1764 2710 1855 2782 inse-

281 2829 374 2912 ritur,
397 2827 438 2898 de
455 2826 626 2926 procellosi
653 2827 768 2900 mundi
793 2828 1040 2900 innumerarum
1058 2831 1274 2903 tentationum
1297 2830 1466 2928 profundis
1489 2831 1628 2928 assurgit
1651 2844 1683 2903 et
1704 2858 1853 2931 supernae

279 2948 458 3020 Jerusalem
473 2948 507 3020 in
526 2953 694 3022 ornatuml
714 2951 896 3049 coaptatur!

332 3125 368 3198 V.
397 3127 598 3227 Stephan‘us,
623 3127 780 3200 Salvatori
797 3127 922 3226 primus
946 3125 1059 3198 similis
1084 3127 1182 3202 evasit
1204 3127 1372 3200 tormentis
1397 3140 1429 3199 et
1449 3127 1620 3226 patientia,
1643 3126 1717 3200 lobi
1738 3127 1851 3200 instar.

280 3249 362 3320 Eum
387 3248 575 3334 dulcedine,
594 3249 796 3334 innocentia,
819 3249 963 3320 imitatus
981 3263 1046 3333 est,
1065 3249 1187 3322 orando
1210 3261 1242 3321 et
1259 3248 1397 3322 dicendo
1420 3280 1427 3320 ι
1451 3248 1630 3333 «Domine,
1657 3275 1697 3320 ne
1723 3263 1853 3348 reputes

281 3371 369 3443 cillis
386 3371 420 3442 in
435 3375 658 3470 peceatum².n
677 3371 777 3470 Cujus
791 3371 945 3443 erationis
959 3371 1099 3454 fruetus,
1118 3371 1201 3443 inter
1219 3370 1298 3454 alia,
1317 3370 1381 3457 luit
1396 3370 1483 3442 selus
1503 3384 1535 3441 et
1552 3370 1672 3442 vocatio
1693 3369 1802 3452 Pauli,
1819 3386 1853 3442 et

281 3518 346 3562 non
362 3491 467 3563 solum
483 3493 559 3572 boe,
579 3493 635 3564 sed
652 3489 701 3592 (ct
718 3492 805 3563 salus
824 3505 855 3563 et
870 3490 1010 3592 vocatio)
1026 3492 1243 3590 dispersarum
1259 3491 1424 3585 gentium,
1437 3519 1495 3590 per
1514 3491 1638 3564 renium
1657 3492 1851 3590 hupertltanr

281 3611 431 3682 omnibus
449 3625 481 3683 et
495 3639 553 3711 per
568 3640 720 3694 coronam
742 3612 891 3708 largitam
910 3613 1013 3712 primo
1032 3639 1143 3696 eorum
1159 3613 1215 3711 qui
1233 3611 1308 3683 terti
1321 3639 1380 3710 pro
1394 3613 1520 3684 Christo
1539 3613 1769 3684 occubuerunt.
1790 3612 1853 3684 l’er

280 3760 354 3803 eum
369 3732 539 3804 viduarum
556 3747 668 3805 turmae
682 3734 885 3814 consectatae,
905 3732 1066 3804 credendo
1085 3733 1119 3804 in
1138 3733 1316 3815 Christum,
1336 3733 1586 3804 consolationem
1603 3762 1638 3804 ex
1658 3732 1722 3805 fide
1737 3760 1852 3832 peree—
1908 3791 1910 3794 a

278 3867 414 3951 perunt3
438 3868 622 3926 sanctorum
648 3853 793 3952 agmina,
818 3851 978 3924 desiderio
1004 3853 1103 3937 elata,
1120 3852 1225 3924 laetata
1248 3868 1323 3925 sunt
1345 3853 1379 3925 in
1402 3854 1557 3940 Ecclesia,
1577 3853 1686 3926 Sancti
1711 3835 1851 3954 Spiritus

279 3975 389 4071 gratiae
408 3976 579 4076 splendere
595 3975 744 4047 lruendo.

331 4151 382 4223 Vl.
411 4152 457 4223 lta
475 4179 585 4224 onrnes
600 4153 749 4238 virtutes,
768 4152 849 4225 lucis
865 4149 1085 4255 atque(l66)
1102 4153 1191 4250 jugis
1206 4168 1339 4226 ornatus
1358 4154 1470 4237 instar,
1489 4150 1603 4224 divinae
1618 4179 1734 4225 manus
1751 4153 1853 4224 inter-

278 4274 454 4373 positione,
471 4290 696 4359 coruscarunt,
710 4275 921 4376 omniumque
940 4288 1074 4348 catervae
1095 4289 1287 4373 martyrum,
1307 4275 1418 4375 primae
1433 4274 1585 4373 spiritalis
1601 4273 1852 4374 pulchritudinis

277 4422 334 4493 spe
350 4394 532 4467 admirabili
550 4397 723 4495 splendore
742 4409 902 4469 ceronatae
917 4399 1024 4469 sunt³.

329 4516 392 4588 Per
418 4514 622 4616 Stephanum
644 4519 819 4618 apostolico
844 4518 969 4591 honore
994 4515 1120 4616 dignati
1141 4517 1285 4616 gaudent
1307 4517 1498 4590 sacerdotes.
1525 4517 1633 4588 Abeo
1658 4529 1785 4588 etcum
1810 4545 1850 4588 ee

278 4638 404 4710 diaconi
415 4639 542 4711 initium
562 4653 732 4738 ceperunt,
750 4653 786 4712 ut
800 4640 989 4714 diaconatus
1007 4641 1076 4738 ejus
1091 4640 1264 4739 participes
1280 4653 1376 4741 atque
1393 4667 1466 4712 euru
1484 4666 1522 4710 eo
1542 4638 1638 4712 Verbi
1651 4639 1720 4711 vitae
1737 4638 1850 4710 lamuli

276 4787 350 4831 cum
368 4759 588 4832 sacerdotibus
603 4760 716 4859 positi,
733 4789 843 4834 verum
862 4762 945 4834 inlra
963 4760 1160 4834 sacerdotale
1175 4761 1350 4858 fastigium.

328 4881 390 4954 Per
407 4909 482 4955 eum
500 4881 647 4954 Ecclesiae
664 4881 852 4982 splendent,
871 4883 984 4956 lideles
1003 4896 1164 4981 augentur
1181 4895 1213 4954 et
1230 4881 1345 4980 burgell
1371 4910 1444 4954 eum
1462 4881 1649 4954 hominibus
1665 4881 1763 4952 leatus
1781 4879 1850 4952 dies

275 5001 489 5085 celebrantes,
511 5003 629 5076 eoelesti
649 5003 752 5089 Patri,
777 5004 975 5076 diversorum
998 5002 1192 5103 hymnorum
1212 5002 1321 5075 dulces
1343 5017 1504 5075 cantuset
1527 5003 1675 5075 modulos
1693 5003 1735 5075 ad
1753 5001 1850 5074 creles

275 5124 436 5198 emittunt.
454 5124 515 5197 Per
531 5153 605 5198 eum
622 5140 799 5224 martyrum
815 5125 943 5198 ordines
961 5124 1114 5197 laetantur
1128 5125 1386 5225 Sanctorumque
1402 5138 1501 5198 eoetns
1518 5125 1669 5198 exrrltant.

315 5369 319 5396 ¹
343 5367 358 5419 ,t
375 5368 398 5418 in
409 5378 520 5421 annornm
533 5369 677 5422 tunicroum.
692 5373 749 5410 -2
762 5369 814 5424 rlet.
828 5387 875 5434 ru,
889 5371 931 5440 5¹9·
949 5401 983 5410 -
999 5369 1037 5424 Ἀ
1054 5367 1133 5422 enritt.
1145 5377 1262 5423 coronate·
1274 5376 1339 5422 coiit.
