4006 6098
273 569 340 638 ssu
621 570 799 653 PATRUM‘
824 571 1224 640 ANTENICAENORUM
1254 573 1490 642 tnltncnt.

272 719 439 820 «praebeas
458 719 509 792 his
526 719 773 818 cogitationibus
791 747 865 821 quae
881 748 989 793 secum
1007 721 1142 794 invicem
1160 735 1297 806 certant,
1317 749 1454 824 quaeque
1470 723 1504 794 in
1520 750 1572 795 me
1590 723 1745 796 continuo
1763 751 1845 823 per-

272 855 464 914 manentes
486 853 628 914 mentem
652 869 759 914 meam
782 841 941 941 affligunt.
959 841 1047 940 llogo
1063 857 1094 915 te
1112 857 1148 914 ut
1168 843 1261 916 claris
1282 842 1347 914 illis
1365 845 1564 941 argumentis
1579 845 1750 918 confirmes
1769 873 1845 946 quae

273 962 332 1033 rin
349 963 433 1034 hanc
449 962 734 1063 quastionemtibi
752 963 957 1037 abundanter
974 976 1188 1064 suppetunt.»

321 1203 360 1276 ll.
389 1205 461 1276 Alto
480 1218 587 1276 autem
603 1203 793 1304 interposito
815 1217 889 1303 post
913 1203 981 1276 haec
1002 1204 1146 1288 silentio,
1166 1230 1225 1302 ego
1246 1204 1362 1276 iterum
1385 1203 1476 1305 loqui
1499 1232 1591 1278 orsus
1608 1232 1680 1278 sum
1697 1206 1732 1276 in
1753 1204 1844 1277 hunc

270 1324 403 1397 modum
420 1352 427 1391 :
444 1325 621 1424 «Magnam
644 1324 736 1398 nohis
758 1335 790 1397 et
813 1324 975 1424 egregiam
998 1325 1135 1397 contulit
1156 1325 1293 1423 gratiam
1313 1325 1448 1398 dilectus
1468 1339 1577 1398 noster
1596 1325 1842 1427 Theopompus,

271 1472 425 1518 renovare
445 1446 570 1529 volens,
588 1458 625 1517 ut
645 1459 739 1545 puto,
756 1445 966 1544 quaestionem
984 1445 1073 1518 illam
1091 1473 1189 1546 quam
1213 1474 1247 1518 ex
1267 1445 1453 1519 necessitate
1472 1446 1610 1547 quisque
1634 1461 1768 1520 tractare
1785 1446 1844 1519 de-

272 1567 351 1639 bet:
372 1567 442 1639 «An
468 1566 509 1639 sit
532 1567 693 1669 passibilis
713 1567 846 1640 Deusta
865 1567 925 1639 Cui
948 1593 1008 1665 ego
1034 1567 1206 1667 quaestioni
1233 1580 1420 1668 promptum
1446 1563 1599 1641 dederam
1624 1595 1841 1668 responsum:

273 1686 470 1769 «Quomodo
489 1687 559 1760 fieri
581 1701 699 1788 potest,
713 1715 731 1760 o
745 1687 970 1788 Theopompo,
986 1701 1021 1759 ut
1037 1715 1103 1759 non
1122 1688 1333 1760 confiteamur
1349 1689 1454 1761 Deum
1472 1715 1539 1761 esse
1562 1688 1842 1788 impassibilem‘la

273 1807 390 1893 Porro,
409 1836 483 1881 cum
505 1810 645 1881 multum
669 1809 865 1881 confabulati
888 1809 1024 1880 luissent
1048 1807 1133 1881 inter
1153 1835 1187 1880 se
1208 1809 1233 1880 ii
1252 1809 1311 1909 qui
1334 1808 1485 1895 aderant,
1507 1810 1701 1909 interrogavi
1723 1823 1755 1883 et
1781 1837 1843 1907 ego

272 1928 535 2030 Theopompum,
556 1958 621 2031 qua
642 1944 750 2002 mente
770 1958 809 2002 ea
830 1957 903 2031 quaa
921 1957 940 2000 a
958 1958 1010 2002 me
1027 1929 1112 2001 dicta
1130 1931 1259 2003 luerent
1280 1943 1469 2032 acceptaret.
1489 1930 1559 2031 lpse
1578 1943 1686 2003 autem
1704 1931 1748 2004 sic
1770 1959 1843 2003 res·

272 2049 407 2150 pendit:
428 2053 488 2125 «Si
512 2065 627 2125 nature
654 2052 859 2152 impassibilis
885 2052 972 2123 Deus
1005 2050 1123 2136 existit,
1147 2051 1295 2151 sequitur
1323 2079 1397 2124 eum
1431 2080 1600 2153 nunquam
1631 2053 1700 2152 pati
1730 2079 1842 2154 posse,

272 2173 422 2245 «etiamsi
446 2174 537 2258 velit,
556 2174 584 2246 si
608 2173 741 2272 quidem
767 2171 854 2245 illius
885 2185 1000 2244 natura
1029 2185 1105 2244 tunc
1133 2199 1205 2272 quae
1229 2186 1340 2245 contra
1367 2172 1565 2245 voluntatem
1590 2187 1667 2246 sunt
1695 2188 1842 2272 ageret.»

272 2293 399 2376 Quibus
424 2322 484 2394 ego
506 2296 549 2367 ita
573 2321 764 2395 responsum
787 2293 864 2366 dedi
882 2325 889 2366 :
910 2293 1007 2366 «Noli
1031 2293 1275 2393 blasphemare,
1295 2320 1314 2366 ο
1332 2293 1556 2394 Theopompe,
1576 2321 1636 2367 nec
1654 2294 1758 2367 Deum
1780 2294 1842 2367 sub

272 2416 493 2489 «necessitatis
511 2417 674 2488 coactione
689 2415 866 2500 adducere,
882 2415 970 2487 illius
991 2429 1142 2488 naturam
1159 2416 1316 2489 voluntati
1334 2415 1540 2516 opponendo.
1556 2416 1701 2502 Etenim,
1713 2417 1740 2488 si
1756 2415 1844 2489 Deus

273 2535 387 2636 equod
404 2537 472 2608 vult
489 2564 555 2609 non
576 2550 740 2637 operatur,
754 2537 831 2616 hinc
850 2537 993 2638 prolecto
1011 2537 1158 2636 sequitur
1176 2537 1347 2609 maximam
1366 2536 1414 2609 illi
1432 2537 1619 2636 contingere
1642 2538 1841 2638 passionem,

273 2659 326 2730 ssi
345 2659 478 2758 quidem
491 2658 688 2732 voluntatem
705 2658 764 2730 Dei
781 2671 904 2730 natura
921 2657 1114 2730 submissum
1133 2685 1200 2731 esse
1219 2658 1393 2732 dicendum
1411 2659 1462 2732 sit.
1480 2659 1576 2742 Quod
1591 2658 1690 2743 absit,
1710 2659 1842 2732 omnino

273 2792 436 2878 «oportet.
456 2779 509 2851 Sic
529 2780 647 2853 sentire
666 2807 736 2863 eos,
756 2780 813 2880 qui
832 2779 1071 2878 aliquantulum
1089 2806 1255 2880 procacem
1281 2780 1430 2880 spiritum
1453 2780 1668 2864 imbiberunt,
1687 2794 1720 2853 et
1737 2779 1842 2853 Deum

273 2899 360 2972 asub
378 2900 575 2972 necessitatis
592 2900 756 2973 coactione
771 2901 812 2972 ab
830 2899 895 2972 illis
912 2899 991 2999 poni
1007 2899 1223 2986 admittimus3
1238 2928 1365 2985 verum,
1377 2928 1397 2973 o
1408 2900 1632 3002 Theopompo,
1652 2881 1781 2974 necesse
1798 2914 1848 2973 est

273 3032 335 3091 aut
354 3019 574 3121 intelligamus
596 3049 765 3122 nunquam
795 3020 1008 3120 omnipotenti
1027 3048 1084 3092 sua
1109 3035 1225 3094 natura
1244 3023 1347 3094 Deum
1370 3021 1522 3122 impediri
1541 3021 1621 3122 quin
1639 3021 1674 3093 id
1696 3035 1848 3122 operetur

273 3143 388 3243 equod
403 3143 486 3226 vult,
504 3143 658 3244 quoniam
679 3145 771 3216 decet
793 3171 852 3215 nos
865 3143 971 3215 dicere
987 3143 1092 3214 Deum
1112 3171 1180 3215 esse
1203 3170 1237 3216 re
1256 3143 1401 3244 qualibet
1416 3149 1615 3244 superiorem
1634 3143 1781 3242 nullique
1798 3142 1846 3213 rei

274 3265 439 3337 «subesse.
460 3264 625 3364 Numquid
643 3279 673 3336 te
693 3265 790 3362 sugit,
810 3264 1023 3350 ocarissime‚
1041 3265 1145 3337 Deum
1166 3265 1270 3337 solum
1291 3292 1358 3338 esse
1379 3261 1535 3349 liberum,
1555 3263 1706 3336 omnibus
1728 3289 1846 3363 super-

275 3385 458 3470 aeminere,
474 3387 581 3458 omnia
600 3413 694 3486 posse
712 3401 743 3458 et
761 3387 821 3458 sub
840 3385 962 3460 nullius
975 3387 1163 3460 necessitate
1178 3385 1314 3460 cadere?
1326 3386 1466 3486 lmpium
1484 3386 1583 3483 igitur
1597 3398 1646 3458 est
1657 3386 1725 3458 Deo
1742 3385 1846 3456 omni-

276 3507 426 3606 «potenti
442 3507 624 3579 libertatem
643 3508 807 3579 auferre.»
823 3505 930 3608 (105)

281 3759 287 3772 “
328 3749 383 3822 ΙΙΙ.
413 3749 472 3822 His
494 3747 693 3850 respondens
714 3751 943 3850 Theopompus
965 3747 1154 3849 subjunxit:
1175 3745 1290 3834 «Esto,
1310 3761 1346 3820 ut
1368 3735 1489 3834 diiiisti,
1508 3747 1629 3820 scilicet
1649 3747 1755 3820 Deum
1778 3773 1848 3818 esse

277 3870 452 3943 «liberum.
470 3871 539 3943 Non
556 3871 644 3943 enim
662 3871 819 3943 audemus
837 3870 904 3943 Deo
923 3872 1049 3944 auferre
1065 3871 1263 3955 libertatem,
1281 3897 1391 3944 verum
1407 3869 1468 3942 boc
1483 3895 1674 3972 responsum
1692 3868 1847 3968 quaestio-

277 4019 376 4064 rnen]
395 4017 461 4064 non
483 3992 575 4063 solvit
591 4019 713 4076 meam,
732 4020 751 4064 o
770 3993 903 4064 illustris
925 3992 1037 4065 doctor
1059 3992 1205 4090 Gregori.
1226 3991 1294 4090 Ego
1313 3992 1400 4064 enirn
1416 4018 1434 4062 a
1453 4003 1484 4062 to
1504 3991 1636 4092 quaesivi
1655 4017 1695 4062 an
1722 3990 1848 4090 impas-

277 4113 405 4185 asibilis
428 4126 511 4185 esset
528 4114 624 4186 Deus.
640 4114 689 4185 Tu
709 4141 782 4187 vero
806 4115 840 4186 in
863 4127 920 4186 tua
942 4114 1150 4214 responsione
1171 4113 1357 4211 significasti
1379 4113 1484 4185 Deum
1510 4139 1578 4184 esse
1603 4109 1846 4212 impassibilem.

277 4233 395 4307 nUnde
414 4234 596 4333 objiciendo
616 4263 727 4308 rursus
745 4263 763 4307 a
783 4250 812 4308 te
831 4263 891 4334 ego
915 4236 1047 4336 quaesivi
1070 4264 1111 4308 an
1134 4234 1333 4335 impassibile
1356 4247 1471 4306 natura
1490 4261 1547 4306 sua
1567 4259 1634 4306 non
1651 4232 1848 4332 impediatur

276 4357 382 4455 oquin
400 4356 567 4457 passiones
583 4359 716 4429 sufferat
729 4357 906 4443 humanas,
921 4358 947 4429 si
966 4357 1099 4458 quidem
1118 4370 1232 4428 natura
1249 4356 1336 4428 illius
1351 4355 1445 4428 beata
1464 4368 1512 4427 est
1530 4367 1562 4426 et
1579 4353 1845 4454 incorruptibilis.

276 4477 418 4560 eouaero
434 4478 533 4576 igitur
546 4505 586 4550 an
600 4475 715 4551 Densa
730 4479 901 4578 semetipso
914 4506 980 4551 non
995 4478 1190 4577 impediatur
1202 4477 1283 4576 quin
1297 4477 1480 4576 passionem
1490 4475 1663 4559 sustineat,
1675 4475 1752 4575 quia
1764 4501 1848 4546 sem-

278 4626 361 4698 nper
383 4612 432 4671 est
453 4599 487 4670 id
509 4599 596 4699 quod
623 4614 685 4685 est,
707 4601 733 4671 si
756 4599 1046 4700 impassibilitatem
1078 4612 1200 4671 naturae
1226 4597 1314 4670 illius
1341 4596 1560 4696 respiciamus.
1581 4595 1706 4668 Vellem
1729 4620 1805 4692 ergo
1828 4623 1846 4666 a

278 4721 422 4819 «pietate
436 4721 495 4793 tihi
511 4721 607 4792 insita
621 4719 705 4792 clare
721 4720 762 4792 ad
780 4719 878 4819 hujus
891 4721 938 4792 rei
950 4718 1198 4818 intelligentiam
1213 4715 1332 4791 deduci
1346 4731 1443 4816 atque
1458 4743 1475 4788 a
1492 4716 1646 4788 charitate
1663 4729 1718 4787 tua
1733 4713 1846 4788 sedulo

278 4840 469 4914 «addiscere
488 4886 539 4898 -
561 4842 593 4913 in
615 4841 722 4914 dubiis
749 4841 836 4913 enim
859 4839 1108 4938 cogitationibus
1135 4864 1242 4910 versor
1260 4881 1311 4891 —
1333 4864 1374 4909 nn
1403 4837 1608 4937 impassibilis
1634 4837 1720 4909 Deus
1746 4837 1849 4937 possit

278 4964 438 5036 «sufferre
460 4961 584 5062 aliquid
602 4989 668 5035 suae
692 4977 814 5035 naturae
832 4961 921 5033 haud
939 4987 1134 5059 congruum,
1151 4959 1304 5060 quoniam
1329 4959 1536 5059 impassibilis
1554 4972 1618 5043 est,
1636 4971 1673 5030 ut
1697 4956 1845 5030 diximus.

279 5083 373 5157 almo
399 5085 496 5158 etiam
522 5085 584 5157 boc
611 5098 752 5157 mentem
778 5082 917 5184 perculit
945 5109 1067 5166 meam,
1088 5080 1176 5181 quod
1202 5109 1220 5154 a
1244 5080 1439 5181 quibusdam
1466 5079 1555 5152 haud
1582 5080 1691 5180 inepte
1717 5079 1848 5164 dicitur,

280 5233 437 5308 «nempe,
459 5205 563 5307 quod,
585 5219 700 5278 natura
724 5205 783 5277 Dei
810 5204 912 5306 ipsius
933 5202 1091 5277 voluntati
1116 5203 1305 5287 obsistente,
1328 5201 1453 5274 inutilis
1476 5201 1517 5273 sit
1539 5202 1682 5302 qnaestio.
1701 5201 1738 5273 Si
1760 5199 1846 5273 enim

278 5325 545 5422 «impassibilitas
565 5327 624 5401 Dei
651 5328 814 5428 passiones
831 5327 991 5399 humanas
1008 5353 1073 5398 non
1097 5325 1250 5425 patiatur,
1270 5322 1432 5424 quomodo
1457 5322 1609 5396 audacter
1631 5323 1689 5396 tibi
1713 5348 1848 5423 respon-
