3980 6084
286 563 354 628 d5d
637 562 810 628 PATRUM
840 561 1241 630 ANTENICAENORUM
1273 562 1509 630 ANALECTA.

337 713 420 783 (lum
437 725 545 784 autem
564 711 697 811 questio
712 724 894 784 moveretur
911 711 951 783 de
972 710 1164 784 celebrando
1182 709 1295 796 simul,
1315 712 1516 784 concorditer
1533 725 1565 784 et
1581 710 1705 812 absque
1728 726 1860 784 contra·

285 833 441 916 dictione,
458 844 567 904 sancto
582 830 746 904 Paschatis
758 829 881 904 lestoin
895 832 1043 904 universa
1060 858 1132 932 qnae
1147 832 1209 904 suh
1224 833 1302 905 coelo
1316 846 1365 905 est
1378 832 1534 916 Ecclesia,
1549 845 1714 933 repertum
1730 847 1782 905 est
1796 847 1859 904 tres

285 980 354 1026 esse
378 953 464 1025 orbis
483 967 592 1054 partes
620 981 692 1053 quae
714 953 833 1025 festum
855 952 916 1024 hoc
936 953 1139 1026 concorditer
1161 968 1192 1026 et
1213 953 1336 1054 absque
1360 953 1574 1054 discrepantia
1597 953 1767 1026 celebrant
1785 981 1858 1026 cum

285 1073 438 1146 llom'anis
452 1089 485 1147 et
502 1074 737 1147 Alexandrinis.
758 1073 829 1147 Una
848 1088 957 1146 autem
974 1101 1065 1174 pars,
1083 1087 1115 1145 et
1129 1075 1197 1146 haec
1214 1075 1347 1174 quidem
1366 1073 1499 1160 Oriens,
1517 1076 1647 1147 inventa
1665 1088 1713 1147 est
1728 1101 1859 1174 semper

284 1195 408 1280 dubiis,
423 1194 732 1268 contradictionibus
745 1195 1000 1294 conlusioncque
1012 1209 1182 1268 cernmota.
1197 1195 1290 1268 Unde
1300 1195 1440 1296 placuit,
1455 1196 1545 1268 omni
1555 1196 1733 1296 questione
1747 1195 1859 1268 etdis·

285 1316 464 1416 repletione
486 1315 631 1398 sublata,
656 1316 774 1387 lestum
790 1315 954 1388 Paschatis
975 1315 1131 1389 celebrari
1150 1343 1168 1388 a
1190 1316 1345 1388 fratribus
1366 1315 1509 1390 Orientis
1531 1317 1613 1389 sicut
1635 1317 1857 1390 celebratura

285 1437 437 1508 Romanis
452 1451 484 1508 et
493 1434 732 1520 Alexandrinis,
748 1451 779 1508 et
790 1435 833 1508 ita
849 1437 970 1536 pariter
982 1437 1023 1509 ab
1039 1436 1191 1509 omnihus
1205 1437 1293 1522 aliis,
1305 1451 1342 1510 ut
1356 1437 1391 1508 in
1405 1463 1470 1510 una
1482 1437 1742 1538 eodemquedie,
1759 1435 1857 1510 corde

283 1583 423 1657 voceque
442 1557 608 1640 unanimi,
624 1583 737 1628 omues
756 1556 874 1629 Christi
892 1557 1005 1630 fideles
1023 1559 1091 1630 Deo
1109 1557 1221 1631 laudes
1239 1585 1415 1658 precesque
1434 1559 1583 1630 efferant.

335 1677 602 1777 subscripserunt
624 1705 738 1778 porro,
756 1679 852 1751 etiarn
869 1678 909 1750 de
926 1679 987 1751 hac
1008 1680 1201 1780 questione,
1218 1693 1377 1781 quotquot
1395 1679 1430 1750 io
1446 1677 1579 1752 Oriente
1597 1679 1691 1752 divisi
1705 1695 1802 1752 erant
1816 1679 1856 1751 ab

284 1799 371 1884 aliis,
391 1826 464 1872 cum
483 1797 547 1871 illis
568 1800 805 1873 consentientes
826 1814 923 1900 atque
947 1800 1210 1900 disceptationem
1237 1800 1278 1872 de
1299 1799 1406 1873 medio
1429 1800 1621 1872 auferentes.
1641 1799 1723 1872 Cum
1743 1817 1855 1873 autern

283 1921 416 2020 questio
435 1920 490 1992 illa
510 1920 616 1994 soluta
642 1920 738 1994 etad
761 1922 859 1994 linem
878 1921 1033 2022 perducta
1060 1921 1186 2005 luisset,
1209 1948 1327 2020 magua
1351 1933 1382 1992 et
1407 1935 1515 1994 sancta
1538 1921 1690 2020 Synodus
1712 1949 1855 1995 aecnmc-

284 2042 356 2114 nica
371 2042 456 2115 inlra
474 2044 612 2143 scriptos
627 2043 810 2143 composuit
825 2056 857 2114 et
869 2043 1015 2115 delinivit
1033 2069 1183 2115 canones.

550 2355 697 2416 SYNODI
718 2355 867 2416 MAGNAE
888 2355 1058 2416 NICAENAE
1078 2355 1259 2417 CANONES
1281 2355 1589 2417 ECCLESIASTlCl.

334 2565 434 2634 Canon
454 2562 479 2633 l.
508 2560 626 2633 Duillio
641 2562 694 2659 qui
704 2562 868 2660 semetipsas
881 2579 1034 2660 amputent
1049 2577 1076 2633 et
1093 2562 1373 2662 eunmlossucioot.
1385 2605 1436 2616 -
1449 2563 1485 2635 Si
1505 2563 1577 2662 quis
1591 2563 1624 2634 in
1642 2563 1853 2634 infirmitate¹

283 2681 447 2754 amedicis
463 2683 560 2754 luerit
576 2695 761 2780 amputatus
780 2695 836 2754 aut
851 2710 869 2752 a
885 2681 1031 2754 barbaris
1048 2682 1145 2753 luerit
1160 2683 1298 2766 excisus,
1317 2684 1369 2754 hic
1387 2684 1421 2754 in
1440 2683 1561 2755 clerum
1576 2683 1720 2783 cooptari
1736 2695 1851 2783 potest.

284 2802 321 2875 Si
350 2803 422 2902 quis
450 2815 573 2885 autem,
593 2800 672 2873 dum
690 2829 788 2874 sanus
811 2803 929 2887 existit,
949 2829 983 2874 se
1007 2803 1221 2902 amputaverit
1230 2807 1255 2888 ²,
1275 2803 1345 2888 ille,
1366 2805 1491 2876 etiamsi
1509 2805 1549 2876 de
1568 2804 1653 2876 clero
1670 2805 1729 2889 sit,
1747 2804 1852 2903 depo-

285 2922 412 2994 nendus
428 2927 505 2995 est³.
526 2924 693 3008 Attamen,
712 2922 864 3026 deinceps
883 2951 977 2997 nemo
995 2923 1221 3023 hujuscemodi
1238 2925 1271 2997 io
1287 2924 1407 2996 clerum
1424 2925 1624 3025 cooptandus
1640 2930 1715 2998 esst.
1731 2923 1853 3008 Quem·

285 3042 463 3115 admodum
485 3044 518 3116 id
540 3045 629 3144 quod
650 3045 802 3146 praecedit
825 3059 939 3118 notum
960 3059 1007 3117 est
1025 3045 1089 3117 dici
1110 3044 1151 3118 de
1168 3043 1219 3116 his
1242 3045 1314 3145 qui,
1332 3046 1394 3116 hoc
1412 3045 1536 3117 lacinus
1557 3057 1768 3130 attentantes,
1785 3041 1853 3116 ana

285 3177 361 3235 sunt
387 3169 443 3236 se⁵
468 3179 653 3264 amputare,
672 3167 717 3238 ita
739 3166 860 3268 pariter
880 3180 994 3239 notum
1013 3167 1054 3238 sit
1075 3193 1129 3238 eos
1147 3167 1204 3266 qui
1220 3193 1238 3238 a
1253 3166 1399 3238 barbaris
1418 3181 1475 3238 aut
1496 3165 1583 3240 heris
1605 3167 1671 3238 suis
1696 3161 1853 3268 amputati

287 3298 378 3370 sunt,
394 3285 420 3356 si
437 3285 527 3385 digni
546 3302 700 3386 praeterea
715 3287 866 3370 existant,
881 3287 914 3358 in
933 3287 1055 3358 clerum
1075 3288 1172 3386 recipi
1188 3313 1297 3386 posse,
1313 3290 1403 3387 jutta
1421 3314 1589 3360 canonem.
1606 3285 1718 3389 (⁴298)

337 3499 378 3570 ll.
407 3499 453 3569 lle
466 3499 526 3570 itta
542 3501 661 3571 ctlmicie
675 3501 742 3600 qui,
761 3529 828 3572 cum
841 3500 1031 3600 baptizemur,
1048 3499 1089 3570 ad
1103 3499 1314 3571 ordinatinem
1324 3501 1499 3600 (ficemur.
1515 3545 1567 3558 —·-
1582 3499 1745 3584 Quoniam
1760 3495 1857 3572 multi

286 3619 449 3702 homines,
470 3647 505 3691 ex
527 3621 715 3692 necessitate
734 3635 791 3693 aut
806 3620 870 3692 elia
893 3620 933 3693 de
958 3648 1070 3703 causa,
1093 3619 1138 3691 ita
1165 3621 1332 3702 festinant,
1357 3636 1408 3706 ut,
1431 3635 1543 3694 contra
1570 3649 1726 3694 canonem
1754 3618 1854 3692 eccle·

285 3739 511 3824 siasticum,a
541 3742 602 3813 vita
630 3741 742 3839 gentili
774 3741 816 3813 od
847 3739 944 3812 tidem
973 3755 1118 3812 recenter
1151 3741 1321 3815 translatos
1345 3755 1378 3813 et
1403 3741 1531 3814 modico
1559 3757 1706 3840 tempore
1730 3752 1851 3812 tantum

287 3859 430 3932 eruditos
460 3861 501 3932 ad
528 3862 694 3961 spirituale
721 3862 884 3934 lavacrum
911 3861 1089 3946 adducant,
1110 3863 1175 3934 imo
1203 3864 1251 3936 vir
1276 3861 1454 3962 baptizatos
1479 3863 1522 3935 ad
1553 3864 1774 3964 episcopatum
1800 3869 1854 3930 aot

287 3980 500 4054 sacerdotium
532 3997 758 4082 promoveant,
782 3998 1003 4083 opportunum
1032 3984 1135 4056 visum
1162 3983 1313 4056 estnihil
1341 3983 1564 4082 hujuscemodi
1593 3983 1744 4083 deinceps
1773 3977 1851 4054 fieri.

288 4100 546 4173 Catachumenus
563 4103 649 4174 enim
666 4103 792 4202 indiget
809 4116 953 4204 tempore
968 4117 1001 4177 et
1015 4105 1111 4176 etiam
1126 4118 1199 4204 post
1215 4104 1414 4205 baptismum
1435 4104 1612 4176 necessaria
1630 4115 1677 4175 est
1695 4099 1852 4203 probatio.

288 4219 420 4292 Clarum
438 4235 486 4293 est
501 4223 587 4294 enim
604 4223 746 4324 Apostoli
764 4224 886 4296 dictum
905 4224 1095 4296 asserentis:
1114 4223 1208 4296 sNon
1222 4223 1438 4325 neophytum,
1458 4250 1499 4296 ne
1520 4224 1605 4296 forte
1619 4221 1722 4294 elatus
1736 4220 1855 4293 incidat

287 4343 321 4413 in
339 4341 493 4442 laqueum
507 4343 629 4415 diaboli
639 4349 689 4416 ὓ.»
709 4344 805 4426 Quod
820 4345 862 4428 si,
876 4343 1005 4417 labente
1020 4357 1179 4445 tempore,
1199 4344 1342 4417 delectus
1357 4344 1490 4446 quidam
1506 4343 1701 4446 spiritualis⁷
1717 4341 1855 4443 reperia-

289 4477 341 4534 tur
360 4463 395 4534 in
409 4463 596 4562 hujusmodi
615 4491 769 4565 persona,
795 4464 1051 4565 reprehendatur
1074 4492 1182 4538 coram
1207 4465 1335 4538 duobus
1352 4479 1408 4538 aut
1420 4464 1524 4538 tribus
1538 4465 1674 4538 testibus
1688 4478 1721 4537 et
1737 4491 1755 4535 a
1772 4463 1854 4536 clero

289 4583 485 4657 excludatur.
505 4585 569 4668 Oui
583 4586 740 4658 contraria
751 4585 802 4658 his
820 4586 938 4683 egerit,
952 4613 1018 4658 non
1035 4585 1141 4658 solum
1156 4612 1307 4684 magnam
1318 4588 1401 4660 hanc
1416 4585 1584 4684 Synodum
1599 4585 1736 4686 spernit,
1746 4605 1853 4656 verum

290 4718 321 4776 et
339 4702 517 4776 clericalem
534 4718 652 4777 statum
664 4733 757 4778 suum
776 4707 920 4807 periculo
936 4708 1075 4808 exponit.

341 4917 397 4990 Ill.
426 4917 471 4989 De
488 4919 659 4992 mulieribus
668 4920 921 4992 contubernalibus
930 4927 953 4991 ⁸.
966 4919 1167 4993 —Omnino
1178 4933 1263 4993 vetat
1275 4933 1306 4992 et
1319 4919 1471 5020 prohibet
1483 4945 1600 5016 magna
1614 4917 1765 5016 Synodus
1779 4915 1854 5017 quin

328 5153 336 5184 ¹
349 5151 520 5222 Birytrmr'urtir
530 5171 612 5205 rouro
621 5153 641 5206 C
649 5151 678 5206 od
686 5152 912 5227 irfimitotam.—¹
924 5153 1037 5207 Bcolm.
1113 5155 1304 5226 amputare—⁸
1313 5151 1324 5206 l
1334 5149 1373 5204 At
1387 5149 1565 5217 Tira.rrr,d.—
1574 5153 1583 5183 ’
1593 5147 1629 5204 td
1640 5145 1742 5202 rabam
1750 5141 1855 5199 omli·

290 5243 1040 5318 -tltoltffcr'omodepmtun-‘Bllraulnjumodi
1113 5243 1280 5308 lau-⁸
1301 5239 1857 5317 Synamvorcatth‘a'anxlrobitntnmu·

290 5336 398 5409 deiocrpr
413 5337 446 5390 od
457 5337 627 5390 nonarum
639 5338 763 5411 φναν.
775 5371 811 5380 —-
825 5341 835 5376 ¹
850 5338 869 5394 G
879 5338 985 5394 Μῦν·
993 5359 1039 5394 reo
1113 5339 1198 5404 lieres,
1209 5333 1235 5394 o't
1244 5336 1501 5410 lmquanteroccurrit
1508 5337 1533 5391 in
1541 5335 1678 5392 aeonibus
1686 5327 1855 5388 cerdosiartidr·
