4006 6098
219 571 300 640 aab
584 571 757 640 Parnon
785 573 1183 641 tnrtntcmnonun
1210 575 1450 642 ansteum.

175 740 204 758 ··
233 722 363 795 alorma
378 747 443 821 prat
460 721 533 793 liliis
546 718 778 806 hominum13n
790 749 864 793 cum
882 723 1070 822 impolluta,
1089 724 1146 823 qni
1163 724 1339 796 sanctificat
1356 723 1514 796 universa.
1532 725 1651 796 Tecum
1668 727 1752 800 Deus
1771 741 1803 799 et

233 871 268 916 er
285 858 315 916 te
334 845 420 916 Deus
440 871 475 914 ac
493 839 654 942 perlectus
674 843 789 926 homo,
806 845 866 915 sin
885 871 951 944 quo
973 845 1078 916 omnis
1096 844 1266 944 plenitudo
1284 843 1458 917 divinitatis
1476 846 1695 918 inhabitata„
1713 881 1730 916 a
1741 851 1801 922 Ave

233 965 362 1064 agretia
381 964 522 1063 plenaln
542 964 620 1047 dre,
639 965 712 1036 lons
728 963 824 1049 lucis,
848 966 904 1064 qui
926 964 1090 1038 illuminas
1113 993 1225 1037 omnes
1247 966 1303 1064 qui
1328 980 1357 1037 te
1380 966 1577 1064 glorificant!
1596 966 1676 1052 Ave,
1695 972 1802 1042 oriens

232 1084 308 1158 solis
325 1084 567 1167 intellectualis,
586 1113 658 1184 quae
679 1112 713 1157 es
733 1085 792 1157 llos
810 1085 948 1158 rutilans
965 1087 1053 1159 vital
1074 1085 1178 1170 «Avo,
1196 1086 1297 1158 Maria
1312 1089 1414 1186 gratia
1428 1088 1524 1187 plena
1535 1120 1570 1173 ,a
1586 1089 1656 1160 vitis
1676 1117 1801 1190 semper

232 1207 433 1312 germinans,
444 1233 515 1305 quae
532 1206 654 1277 animas
673 1219 702 1277 te
718 1206 968 1304 glorificantium
981 1207 1137 1284 laetifi'casl
1152 1208 1254 1291 «Ave,
1267 1210 1369 1304 gratia
1387 1209 1526 1307 plena,n
1540 1237 1628 1307 ager,
1641 1212 1713 1311 qui,
1727 1211 1802 1282 licet

233 1355 300 1399 non
322 1339 484 1412 exaratus,
503 1326 654 1426 pulchros
677 1327 798 1399 fructus
820 1329 949 1400 allers³l
968 1328 1087 1400 Natura
1108 1327 1241 1428 quidem
1259 1342 1290 1400 et
1310 1330 1516 1428 conceptione
1535 1343 1590 1401 tua
1610 1331 1730 1402 fructus
1747 1331 1801 1402 ille

233 1449 327 1522 nobis
345 1461 392 1520 est
410 1448 537 1532 similis3
553 1463 669 1549 prater
685 1463 792 1520 autern
811 1463 953 1522 nostram
970 1462 1119 1520 naturam
1138 1465 1201 1534 est,
1213 1450 1290 1550 quia
1309 1450 1348 1522 de
1366 1449 1429 1522 alto
1441 1451 1527 1522 venit
1537 1451 1678 1523 Verbum
1693 1453 1749 1524 Dei
1766 1453 1800 1524 in

234 1581 363 1640 uterum
381 1581 526 1641 sanctum
545 1582 638 1642 tuum
653 1584 688 1640 ut
707 1570 813 1641 denuo
831 1569 992 1642 ddamum
1009 1570 1195 1671 plasmaret.

285 1763 353 1835 Vll.
382 1763 538 1836 Virtutem
561 1765 692 1864 quidem
713 1765 944 1862 generatricem
963 1778 1079 1837 saneta
1094 1764 1219 1863 Virgini
1245 1765 1383 1865 Spiritus
1407 1766 1566 1837 Sanctus'²
1589 1766 1723 1865 largitus
1743 1781 1800 1839 est.

233 1884 353 1956 Vemm
369 1897 476 1956 autem
494 1912 611 1985 corpus
630 1913 666 1957 ex
687 1913 821 1987 corpore
839 1883 1015 1987 (Virginis)
1029 1900 1229 1986 assumptum
1248 1899 1310 1971 est3
1327 1899 1359 1957 et
1376 1887 1458 1958 sicut
1476 1887 1648 1984 margarita
1666 1915 1702 1958 er
1718 1887 1802 1960 dua-

232 2005 296 2077 bus
314 2005 437 2078 naturis
456 2019 579 2078 constat
592 2011 616 2090 ⁵,
634 2035 669 2078 ex
686 2007 815 2104 fulgure
832 2007 986 2079 nimirum
1002 2021 1034 2079 et
1051 2034 1152 2108 aqua,
1169 2021 1266 2108 atque
1284 2033 1320 2078 er
1335 2007 1452 2105 ignotis
1470 2007 1566 2078 maris
1582 2008 1804 2080 mansionibus

235 2126 410 2226 egreditur,
432 2128 476 2199 ita
504 2140 536 2200 et
557 2128 715 2200 Dominus
745 2142 854 2200 noster
872 2128 964 2200 Jesus
984 2129 1145 2212 Christus,
1165 2127 1373 2200 immutabilis
1395 2142 1426 2200 et
1450 2127 1572 2228 absque
1599 2129 1666 2200 ulla
1689 2129 1804 2201 conlu-

235 2248 341 2334 sione,
358 2276 394 2320 ex
412 2249 542 2346 Virgine
564 2262 688 2332 sancta,
708 2261 811 2333 cesta,
829 2247 1017 2349 impolluta,
1036 2251 1196 2350 perlectus
1213 2249 1248 2320 in
1265 2248 1383 2320 deitate
1401 2249 1623 2349 perfectusque
1638 2249 1672 2320 in
1688 2249 1804 2321 hume-

235 2370 334 2440 nitate
352 2395 499 2468 egressus
517 2381 579 2454 est,
596 2368 684 2441 Patri
700 2397 759 2469 per
778 2371 885 2442 omnia
906 2369 1035 2454 similis,
1052 2384 1083 2442 et
1100 2369 1193 2441 nobis
1210 2395 1269 2469 per
1286 2369 1393 2441 omnia
1412 2368 1538 2452 similis,
1557 2381 1674 2468 praeter
1687 2396 1803 2469 pecca-

236 2504 321 2574 tum,
340 2490 501 2590 perlectus
518 2489 552 2561 in
568 2489 733 2563 divinitate
751 2505 783 2562 et
799 2491 961 2590 perlectus
980 2491 1015 2562 in
1032 2491 1243 2563 humanitate.

287 2611 439 2696 Petrum,
460 2610 719 2683 Patrimeharum
740 2626 772 2683 et
795 2609 1030 2711 Prophetarum
1053 2611 1148 2682 multi
1167 2608 1277 2711 (eum)
1299 2608 1404 2682 videre
1429 2610 1631 2709 cupierunt.
1652 2609 1717 2682 Sed
1742 2611 1803 2682 hoc

235 2732 359 2804 honore
376 2731 466 2830 digni
483 2731 585 2804 habiti
606 2759 670 2804 non
686 2745 772 2804 sunt.
791 2733 879 2805 Inter
897 2760 951 2804 eos
969 2731 1102 2832 quidam
1115 2729 1224 2832 (eum)
1243 2731 1393 2803 viderunt
1410 2731 1471 2802 sub
1493 2731 1575 2830 typis
1592 2745 1625 2803 et
1640 2757 1698 2830 per
1716 2731 1803 2829 figu-

235 2877 303 2936 ras;
320 2851 376 2924 alii
394 2853 428 2923 in
447 2851 597 2924 columna
618 2853 714 2925 nubis
730 2879 838 2925 vocem
854 2852 996 2924 divinam
1016 2852 1206 2937 audierunt,
1223 2851 1379 2951 dignique
1399 2850 1502 2924 habiti
1520 2865 1595 2923 sunt
1612 2850 1802 2944 angelorum

235 2973 367 3046 visione.
386 2973 434 3045 Ad
455 2973 591 3046 ltlariam
607 2999 681 3046 vcro
700 2973 802 3046 solam
820 2972 949 3046 Gabriel
967 2971 1381 3070 archangelus,n1anilesta
1403 2972 1475 3044 luce
1492 2971 1682 3073 splendens,
1700 2973 1801 3056 venit,

236 3094 265 3166 ei
281 3094 556 3166 annunciaturus:
577 3096 681 3180 nilve,
702 3095 803 3194 gratia
822 3094 962 3195 plena,r
979 3093 1072 3166 etsie
1089 3094 1158 3194 ipsa
1171 3092 1311 3165 Verbum
1327 3093 1488 3193 concepit,
1508 3105 1716 3194 temporeque
1732 3121 1804 3164 cor·

235 3215 325 3316 porei
341 3230 453 3315 partus
472 3215 647 3316 completo,
663 3217 871 3314 margaritam
889 3214 1154 3315 pretiosissimam
1172 3214 1283 3287 edidit.
1300 3211 1411 3315 (126)

286 3419 368 3492 Vlll.
397 3421 529 3505 Adeste,
551 3449 569 3493 o
591 3421 760 3504 carissimi,
785 3435 817 3493 et
837 3447 895 3492 nos
917 3421 1013 3493 ctiam
1032 3421 1116 3505 hac,
1140 3446 1212 3520 quar
1233 3447 1250 3489 a
1275 3419 1383 3490 divino
1406 3417 1507 3491 David
1529 3417 1640 3490 lestivo
1663 3417 1804 3489 carmine

236 3540 320 3613 dicta
338 3556 429 3626 sunt,
447 3542 670 3626 decantemus,
687 3543 828 3614 dicentes
842 3574 850 3612 :
863 3542 1010 3640 «Surge,
1026 3541 1179 3622 Domine,
1197 3540 1229 3610 in
1247 3540 1391 3639 requiem
1410 3554 1516 3625 tuam,
1528 3554 1562 3611 tu
1579 3553 1610 3611 et
1624 3566 1696 3610 arca
1714 3566 1805 3610 sane-

237 3661 444 3735 ntilicationis
462 3665 590 3735 tuae⁷ln
607 3665 685 3736 Vere
704 3663 790 3735 enim
810 3690 882 3735 area
907 3676 954 3734 cst
972 3675 1081 3733 sancta
1098 3661 1212 3759 Virgo,
1232 3660 1423 3732 intrinsecus
1441 3673 1472 3732 et
1490 3660 1683 3732 extrinsecus
1703 3659 1806 3730 deau-

236 3797 322 3866 rata,
338 3812 410 3884 qua
425 3785 612 3857 universum
626 3784 801 3856 sanctitatis
817 3784 1005 3856 thesaurum
1022 3783 1056 3854 in
1071 3810 1104 3854 se
1117 3781 1298 3880 suscepit-a
1308 3783 1429 3880 Surge,
1444 3782 1597 3867 Domine,
1608 3781 1641 3851 in
1658 3780 1803 3881 requiem

236 3919 368 3990 atuam3
387 3933 499 4004 surge,
519 3906 682 3978 Domine„
700 3933 737 3978 er
751 3905 832 3978 sinu
853 3905 972 3989 Patris,
987 3919 1023 3976 ut
1041 3903 1218 4003 collapsum
1237 3930 1339 4002 genus
1356 3903 1470 3974 ddami
1491 3902 1715 4003 plasmationis
1736 3901 1806 4001 pri-

235 4026 399 4098 mitiarum
416 4028 535 4126 erigas!
549 4027 623 4099 Haec
640 4028 842 4126 proclamans
856 4025 1014 4098 mirabilis
1031 4025 1116 4097 inter
1136 4024 1313 4123 Prophetas
1330 4024 1447 4108 David,
1463 4024 1503 4094 ad
1522 4001 1644 4120 virgam
1662 4021 1750 4094 illam
1769 4049 1805 4094 ex

236 4147 306 4248 ipso
329 4151 562 4249 procreandam
586 4162 617 4222 et
634 4149 774 4221 fructum
792 4149 870 4220 llore
883 4145 1138 4248 pulcherrimum
1153 4147 1232 4217 mire
1250 4145 1401 4218 dicebat:
1422 4145 1546 4228 oAudi,
1567 4144 1650 4229 filia,
1667 4158 1699 4216 et
1716 4143 1803 4224 vide,

236 4283 294 4341 set
318 4269 438 4340 inclina
459 4297 570 4342 aurem
592 4257 695 4354 tuam,
717 4283 749 4340 et
771 4267 956 4340 obliviscere
983 4266 1141 4366 populum
1169 4280 1278 4348 tuum,
1296 4280 1328 4337 et
1349 4265 1552 4365 concupiscet
1576 4293 1629 4338 rex
1656 4265 1804 4336 decorem

236 4401 371 4474 «tuum,
386 4390 540 4489 quoniam
560 4391 626 4489 ipse
645 4402 692 4461 est
706 4388 864 4461 Dominus
879 4403 954 4459 tuus
972 4401 1004 4458 et
1018 4386 1168 4459 adorabis
1187 4415 1262 4459 eum
1273 4392 1323 4456 l.»
1341 4385 1448 4458 alludi
1462 4385 1544 4471 lilia,
1555 4417 1572 4454 n
1585 4414 1657 4486 quae
1673 4384 1804 4486 quidem

237 4508 277 4580 de
296 4522 326 4582 te
349 4511 539 4610 prophetata
562 4524 653 4593 sunt,
672 4521 759 4580 utet
779 4509 895 4582 mentis
913 4508 1015 4582 oculis
1030 4535 1082 4580 res
1101 4507 1186 4606 ipsas
1203 4507 1439 4607 contempleris.
1458 4507 1543 4578 Audi
1565 4534 1617 4580 me
1639 4506 1696 4578 tibi
1719 4532 1805 4603 prae-

236 4629 471 4725 significantem
490 4645 522 4702 et
536 4628 648 4731 (audi)
665 4630 821 4728 Angelum
840 4630 898 4702 tibi
917 4629 951 4701 in
968 4630 1031 4701 fine
1048 4629 1237 4728 mysterium
1257 4628 1520 4702 annunciantem.

276 4885 283 4914 ¹
303 4879 391 4936 Paolm.
411 4900 475 4945 amr,
493 4885 520 4937 3.
536 4886 598 4926 -²
614 4881 653 4936 At
671 4881 830 4948 Colorem-r,
849 4901 880 4946 n,
900 4903 925 4955 q.
945 4913 983 4922 -
1058 4879 1164 4936 lacobus
1176 4880 1335 4954 Sarugensis,
1346 4886 1399 4934 tum
1409 4879 1435 4934 in
1446 4878 1533 4934 litteris
1546 4873 1655 4932 ed'lder.
1668 4875 1734 4930 Bassi
1750 4894 1807 4930 ruo·

237 4978 247 5008 ³
266 4975 313 5030 Hic
326 4993 420 5048 grecus
432 4984 512 5030 textus
527 4976 559 5030 ita
572 4993 598 5030 se
613 4975 704 5030 habet:
718 4977 790 5049 παρὰ
801 4979 876 5043 φύσιν
887 4977 983 5042 μᾶλλον
1060 4973 1150 5028 narbos
1164 4973 1241 5036 datis,
1259 4981 1313 5027 tum
1328 4975 1352 5027 in
1371 4973 1485 5027 homiliis.
1500 4971 1542 5026 Clr
1556 4971 1660 5033 llartin,
1675 4968 1766 5022 lettres
1776 4968 1806 5022 da

238 5065 267 5121 tt
278 5070 341 5142 ὑπὲρ
355 5071 439 5135 φύσιν.
454 5101 491 5110 --
506 5071 515 5104 ¹
531 5069 588 5124 llrec
603 5069 719 5124 adversus
736 5087 778 5123 eos
792 5069 835 5142 qui
850 5066 984 5122 contende-
1057 5065 1359 5141 larquerdaSoroagortr
1365 5061 1808 5126 meimedumrwentdeldorllouur,

238 5161 300 5215 bant
317 5180 331 5214 a
344 5161 424 5216 Verbo
441 5181 528 5237 corpus
543 5163 617 5218 luisse
632 5181 646 5218 e
660 5163 720 5217 coelo
734 5161 844 5217 delatum
858 5161 943 5235 dirigit
957 5163 983 5216 S.
1060 5181 1084 5235 p.
1107 5161 1173 5225 253,
1194 5161 1220 5214 in
1242 5159 1378 5231 Zeitoclrr'fi
1393 5157 1427 5212 D.
1441 5157 1471 5212 D.
1486 5157 1521 5212 dl.
1537 5158 1567 5210 G.
1590 5165 1649 5212 tom.
1676 5155 1750 5210 XXX.
1769 5187 1808 5195 -

239 5254 331 5310 doctor.
342 5260 398 5297 —⁸
410 5257 556 5332 Hoeclignra
567 5255 775 5330 apudOrienlelis
783 5257 984 5329 Ecclesiaeacrip-
1059 5260 1069 5288 ⁰
1089 5253 1164 5308 Mart.
1180 5271 1237 5316 1111,
1252 5271 1293 5322 ¹7.
1308 5283 1341 5294 -
1355 5253 1365 5285 ⁷
1378 5251 1467 5304 Prulm.
1480 5269 1561 5314 crui,
1576 5252 1601 5305 8.
1617 5252 1633 5303 t
1650 5261 1673 5302 et
1687 5267 1746 5302 arco
1753 5249 1808 5317 sorr*-

240 5355 304 5402 tores
327 5349 525 5423 frequentissima
548 5359 592 5404 est.
614 5351 674 5404 liam
697 5349 809 5424 pluribus
828 5349 985 5424 prosequitur
1061 5347 1177 5401 titudinis.
1191 5348 1246 5386 Δ
1266 5345 1354 5398 Proin.
1369 5363 1429 5406 narr,
1446 5363 1488 5406 rr,
1508 5363 1549 5398 ro.
