3982 6082
770 604 1121 677 esotsconsnn.
1719 641 1736 682 ι

209 755 373 834 Laudatus
382 781 481 860 porro
493 757 668 831 canonieus
679 755 879 844 Darin,cum
888 755 1108 860 descripsisset
1117 757 1260 833 codicem
1270 759 1408 834 latinum
1419 762 1487 862 37¹
1500 789 1513 834 ι
1528 761 1736 838 Bibliotbeee

156 895 275 956 nostre
285 879 602 982 Parisiensis,atque
612 903 690 954 eum
699 877 888 958 contulisset
896 905 970 956 eum
980 880 1156 955 sebadisab
1164 881 1425 956 Eminentissimo
1436 883 1736 960 Cardinalimemo-

155 1017 227 1078 rato
242 1001 305 1105 ipsi
321 999 494 1086 concessis,
510 1003 690 1076 versionem
708 1001 858 1101 gaDicam
874 999 1078 1103 Dionysiane
1094 1004 1236 1105 epistole
1252 1003 1354 1077 edidit
1366 1005 1401 1077 in
1418 1004 1681 1105 ephemeridibus
1694 1007 1737 1082 la

156 1121 279 1209 Mende
299 1149 385 1196 anno
401 1147 579 1208 noscemus,
598 1123 651 1196 die
669 1121 824 1223 vigesima
841 1147 929 1196 none
941 1124 1046 1224 junii,
1064 1138 1162 1225 atque
1177 1125 1254 1199 huic
1268 1125 1406 1200 versioni
1426 1126 1555 1200 doctam
1569 1129 1737 1231 prelatio-

156 1269 233 1320 nem
251 1246 293 1319 de
309 1242 520 1347 antiquitate,
542 1241 802 1331 authenticitate,
824 1238 1031 1332 auctoritate,
1049 1244 1249 1348 historiaque
1265 1247 1421 1320 litteraria
1443 1248 1586 1348 epistole
1605 1249 1734 1350 adjecit.

209 1367 327 1453 Porro,
343 1393 418 1439 eum
433 1363 685 1440 clarissimomm
700 1379 869 1440 auctorum
886 1365 1012 1440 schedae
1029 1367 1071 1442 ad
1084 1395 1202 1442 manus
1219 1383 1345 1443 nostras
1360 1367 1596 1470 pervenissent,
1615 1371 1736 1472 episto-

156 1489 223 1562 lam
245 1486 476 1588 Dionysianam
497 1485 532 1560 in
554 1485 673 1589 triplici
695 1489 826 1587 lingua,
846 1513 979 1562 armena
1004 1488 1140 1574 sedicet,
1162 1491 1263 1564 latina
1285 1504 1383 1592 atque
1407 1489 1531 1592 syriaca
1555 1491 1735 1582 edidimus,

155 1609 324 1712 vadasque
341 1607 488 1684 codicum
506 1607 660 1684 lectiones
679 1609 893 1710 subjecimus,
912 1623 950 1684 ut
965 1609 1001 1684 iu
1016 1637 1083 1712 quo
1100 1625 1205 1686 textus
1219 1612 1359 1698 latinus,
1374 1613 1517 1712 syriacus
1531 1627 1564 1688 et
1582 1641 1735 1688 armenus

155 1733 349 1805 conveniant
365 1745 423 1805 aut
436 1729 635 1832 discrepent,
647 1731 783 1806 lectores
796 1731 975 1832 dijudicare
986 1733 1120 1835 possint.
1132 1733 1261 1808 Interea
1273 1747 1383 1808 tamen
1398 1761 1532 1807 monere
1546 1733 1652 1836 placet
1666 1763 1734 1809 vor·

154 1848 280 1925 donem
300 1849 416 1951 syriaci
438 1864 542 1926 water
559 1851 720 1952 integram
742 1879 762 1926 ιι
783 1851 878 1927 nobis
897 1879 1109 1954 promanans,
1127 1853 1207 1927 dum
1227 1853 1407 1928 versionem
1427 1868 1530 1928 textus
1550 1855 1675 1930 armeni
1693 1856 1734 1930 ds

154 1971 255 2045 aerbo
274 1969 477 2058 adverbum,
492 1972 535 2046 ad
552 1998 648 2046 usum
663 1973 917 2048 Eminentissimi
934 1973 1118 2047 Cardinalis
1132 1974 1221 2048 Pitra
1236 1975 1306 2049 all.
1324 1975 1474 2048 Patribus
1489 1975 1733 2064 Mechiteristis,

157 2109 322 2197 paratam,
340 2093 532 2167 correximus
549 2107 678 2168 tantum
694 2107 793 2196 atque
809 2094 1053 2196 perpolivimus.

207 2213 384 2316 Epistolam
405 2213 473 2288 ede
488 2229 593 2289 morte
609 2216 838 2317 Apostolorum
856 2215 944 2290 Petri
959 2229 992 2290 et
1010 2216 1105 2290 Pauli
1115 2246 1131 2286 n
1154 2217 1336 2316 genuinum
1355 2216 1524 2317 apostolici
1540 2217 1600 2291 viri
1618 2219 1732 2296 letum

154 2361 240 2422 esse,
256 2336 313 2436 qni
328 2334 379 2409 rel
394 2363 461 2409 una
475 2337 627 2410 vicecom
641 2337 774 2436 legerit,
791 2338 901 2411 nullus
916 2351 965 2412 est
979 2339 1037 2440 qui
1051 2337 1214 2412 affirmare
1230 2339 1358 2412 audeat.
1376 2339 1418 2412 llt
1436 2365 1514 2412 sane
1531 2369 1539 2412 :
1559 2365 1602 2413 oe
1621 2366 1733 2414 omnes

155 2457 272 2560 spuriae
284 2457 419 2556 originis
429 2472 522 2532 notas
534 2485 779 2545 enumeremus,
791 2460 931 2532 auctoris
944 2458 1074 2534 dicendi
1087 2459 1221 2546 modus,
1233 2460 1313 2532 dum
1326 2485 1345 2532 a
1360 2460 1512 2561 primeva
1527 2460 1733 2561 simplicitate

156 2579 324 2664 abhorret,
336 2579 381 2652 it'a
390 2579 554 2654 rhetorem
565 2581 741 2681 quemdam
752 2607 892 2680 grecum
902 2581 1018 2655 medie
1028 2581 1130 2654 aetatis
1138 2578 1264 2683 prodit,
1279 2595 1331 2666 ut,
1346 2580 1478 2655 nonnisi
1486 2582 1584 2682 longo
1595 2583 1672 2656 satis
1686 2582 1733 2656 in·

156 2699 288 2774 taruallo
304 2713 379 2802 post
395 2701 587 2801 Dionysium
603 2715 798 2804 etatemque
813 2701 1040 2804 apostolicam,
1054 2703 1207 2803 epistole,
1220 2729 1293 2804 que
1308 2702 1370 2775 sub
1384 2681 1585 2804 Areopagitae
1599 2705 1733 2778 nomine

157 2822 394 2908 circumfertur,
415 2822 539 2896 exarari
559 2822 714 2924 potuerit.
732 2823 801 2896 lmo
816 2823 851 2896 in
875 2849 912 2897 ea
930 2823 1206 2924 deprehendimus
1224 2803 1345 2923 stylum
1361 2850 1381 2896 a
1398 2824 1519 2898 ceteris
1536 2825 1572 2898 S.
1588 2825 1733 2926 Dionysii
1761 2899 1767 2910 ,

158 2942 313 3045 operibus
328 2943 426 3045 plane
447 2943 625 3029 disemum,
640 2957 740 3046 atque
757 2943 932 3018 certissime
952 2944 1087 3045 epistole
1103 2946 1146 3018 ab
1160 2960 1292 3020 auctore
1310 2971 1376 3019 non
1392 2945 1538 3019 dimanet
1557 2945 1672 3019 eodem
1696 2973 1733 3020 ae

158 3065 284 3166 reliqua
301 3091 401 3166 opera
423 3090 495 3166 que
516 3065 717 3168 Areopagitae
737 3092 857 3139 nomen
871 3093 939 3166 pre
958 3091 995 3138 se
1016 3067 1135 3140 lerunt.
1158 3067 1232 3150 Quo
1253 3081 1363 3141 tarum
1386 3081 1531 3169 tempore
1553 3068 1731 3168 composita

160 3187 259 3261 luerit
272 3187 340 3260 hee
354 3186 507 3287 epistola,
525 3187 620 3260 leeile
634 3187 724 3260 dictu
745 3213 812 3260 non
827 3201 887 3261 est.
904 3187 1117 3288 bhquatenus
1132 3188 1251 3261 etenim
1270 3187 1458 3289 questiones
1472 3188 1592 3262 solutio
1612 3190 1733 3291 pendet

22 3383 35 3412 ,
159 3307 199 3380 ab
217 3307 342 3406 origine
354 3306 670 3408 Areopagitieorum,
681 3307 837 3410 quoniam
854 3307 1024 3408 epistolam
1038 3307 1105 3381 ede
1118 3321 1222 3381 morte
1232 3307 1485 3408 Apostolommn
1500 3309 1732 3411 Areopagiticis
1775 3395 1781 3409 Ι

159 3430 370 3502 recentiorem
398 3456 468 3502 esse
490 3455 549 3531 pro
576 3443 664 3502 certo
693 3429 872 3504 tenendum
897 3443 956 3502 est.
984 3429 1151 3515 Attamen,
1176 3429 1316 3531 seposita
1338 3427 1563 3530 disquisitione
1587 3432 1731 3530 generali

158 3552 243 3624 cirea
269 3548 426 3650 originem
445 3577 582 3652 operum
604 3566 716 3625 saneto
738 3551 895 3653 Dionysio
915 3551 1128 3636 tributorum,
1146 3577 1320 3652 possumus
1345 3552 1556 3652 questionem
1584 3552 1732 3652 peculia-

159 3701 228 3746 rem
245 3699 284 3747 eo
299 3673 420 3747 solvere
434 3673 532 3747 modo
551 3673 609 3775 qui
624 3673 722 3774 plene
736 3674 932 3775 respondeat
945 3701 1041 3775 scopo
1058 3699 1157 3778 quem
1173 3673 1413 3774 prosequimur.
1425 3673 1483 3745 Vir
1494 3672 1582 3745 enirn
1596 3672 1731 3774 epistole

161 3807 270 3868 nostra
284 3794 371 3868 inter
385 3793 465 3868 alias
482 3795 585 3868 saneti
604 3794 750 3895 Dionysii
768 3792 921 3897 epistolas
937 3808 1133 3880 recensetur,
1151 3819 1288 3894 eamque
1305 3793 1371 3866 alto
1388 3806 1586 3895 pretereunt
1602 3794 1731 3868 silentio

157 3914 300 3989 universi
314 3915 417 3988 saneti
428 3915 574 4017 Dionysii
586 3943 724 4018 operum
735 3915 875 3990 editores
886 3930 944 3990 aut
954 3915 1178 4001 translatores,
1190 3915 1360 3988 Baltbasar
1374 3914 1564 4002 Corderius,
1578 3916 1730 4018 inquam,

157 4038 272 4111 Petrus
287 4036 471 4122 banselius,
486 4037 515 4111 l.
528 4038 565 4111 F.
579 4039 617 4112 D.
628 4038 731 4111 Maria
746 4037 788 4112 de
800 4037 936 4122 hubeis,
946 4036 1106 4136 Georgius
1118 4035 1259 4136 Darboy,
1276 4063 1318 4110 ne
1333 4037 1414 4110 alios
1428 4063 1730 4111 commemoremus.

158 4158 226 4232 lmo
244 4158 335 4233 deest
349 4159 485 4260 epistola
505 4159 571 4233 ede
587 4173 692 4233 morte
708 4159 797 4234 Petri
814 4173 846 4232 et
862 4157 982 4232 Paulis
997 4158 1032 4230 in
1047 4157 1242 4258 perantiqua
1256 4157 1556 4258 Areopagitieorum
1574 4184 1646 4258 syra
1663 4156 1733 4229 eol-

157 4279 315 4364 lectione,
338 4307 438 4381 quam
461 4280 557 4353 nobis
578 4279 680 4354 ferme
701 4280 862 4378 integrm
886 4292 1094 4352 servaverunt
1114 4278 1219 4352 Musei
1240 4278 1419 4351 Britannici
1442 4279 1567 4352 codices
1591 4277 1732 4350 addititii

162 4404 300 4486 roris,
326 4403 465 4488 narbo,
494 4402 634 4486 rutro,
662 4402 960 4502 rb539,1l15lcr,
991 4401 1134 4500 subpo,
1156 4427 1297 4502 quorum
1321 4399 1387 4472 duo
1414 4400 1540 4500 priores
1556 4397 1671 4471 saltem
1689 4398 1732 4470 ad

157 4523 267 4596 saecrdi
282 4523 361 4596 noni
375 4523 507 4598 initium
522 4549 627 4625 usque
640 4522 836 4609 ascendunt,
849 4522 1013 4623 siquidem
1028 4522 1126 4595 codex
1142 4523 1259 4595 mbr
1275 4535 1422 4594 exaratus
1437 4521 1499 4593 luit
1513 4546 1600 4593 enno
1611 4519 1731 4594 Christi
1787 4615 1790 4628 Ι

158 4671 273 4732 secors,
296 4659 330 4718 et
350 4645 450 4719 codex
476 4647 596 4719 sorba
624 4670 711 4718 anuo
733 4671 899 4718 remman.
921 4643 958 4716 ln
980 4642 1043 4717 bae
1064 4669 1136 4742 syra
1160 4643 1433 4742 Dionysianorum
1454 4667 1591 4742 operum
1618 4640 1734 4714 colloc-

160 4767 264 4853 tione,
286 4766 327 4840 de
349 4795 414 4869 qua
436 4767 542 4840 insius
562 4765 684 4840 redibit
705 4793 812 4840 sermo
831 4793 906 4839 eum
926 4791 1060 4865 agemus
1080 4764 1121 4838 de
1143 4763 1280 4867 epistola
1300 4765 1442 4867 quadam
1470 4763 1572 4836 saneti
1587 4763 1733 4860 Dionysii

159 4888 383 4969 Alexandrini.
418 4888 453 4960 in
484 4887 563 4973 hae,
591 4888 744 4989 inquam,
768 4915 841 4988 syra
871 4886 1061 4960 collectione
1095 4911 1209 4960 omnes
1235 4885 1306 4959 aliae
1340 4885 1483 4988 epistole
1513 4897 1733 4967 recensentur,

160 5023 276 5109 preter
300 5009 391 5082 illam
416 5037 489 5110 quae
515 5010 557 5083 ad
578 5009 838 5112 Apollophancm
860 5008 1064 5094 inscribitur3
1089 5007 1152 5080 ista
1176 5021 1284 5081 autem
1312 5007 1355 5081 ad
1379 5005 1586 5080 Timotheum
1616 5005 1735 5078 nullibi

161 5146 311 5232 apparet,
329 5130 387 5205 sed
412 5132 597 5206 continetur
621 5143 748 5204 tentum
771 5131 807 5203 in
828 5130 893 5204 elio
915 5128 1063 5203 nitriensi
1079 5129 1205 5216 codice,
1230 5129 1287 5230 qui
1311 5129 1420 5202 Rome
1439 5142 1631 5202 asservatur.
1652 5127 1736 5201 Hine

159 5252 250 5326 baud
266 5252 429 5327 immerito
445 5252 638 5327 concludere
663 5251 739 5326 licet
756 5252 924 5354 epistolam
946 5251 986 5324 de
1010 5265 1113 5323 morte
1131 5251 1219 5324 Petri
1234 5263 1267 5322 et
1283 5249 1377 5322 Pauli
1401 5277 1548 5352 unquam
1565 5250 1599 5322 in
1620 5247 1735 5322 eadem

161 5374 374 5447 estimatione
391 5373 536 5447 habitam
555 5374 653 5446 luisse
673 5401 710 5446 ac
726 5386 840 5446 caetera
859 5399 956 5472 opera
977 5371 1133 5469 Dionysii.
1153 5371 1271 5456 l‘orro,
1289 5370 1317 5443 si
1336 5372 1467 5446 missam
1487 5371 1644 5444 iaciamus
1664 5368 1735 5440 uni-
