4006 6098
462 591 665 660 SANCTUS
696 591 959 662 Guuuuutus
989 593 1369 664 THdUllhTUltGUS.
1630 597 1691 664 ιιι

180 741 247 814 Vll.
276 741 382 815 Hodie
407 742 598 840 aperiuntur
618 742 727 816 lucida
751 743 975 828 tabernacrda,
1004 759 1041 817 ut
1062 745 1128 818 suis
1148 745 1182 817 in
1209 745 1433 818 mansionibus
1458 744 1528 817 vitae
1551 771 1700 845 superne

128 864 287 936 studiosos
315 863 481 964 recipiant.
501 863 639 936 Satanas
662 864 866 938 retrocedens
884 865 1059 938 erubescit!
1087 867 1254 940 Damones
1279 865 1456 939 tremefacti
1473 867 1701 966 perterritique

129 983 330 1084 despondent
357 984 517 1060 animum!
544 984 681 1058 Infamia
711 984 940 1087 horrendoque
967 987 1092 1086 pudore
1121 987 1223 1059 notati
1253 987 1383 1084 lugiunt
1406 986 1563 1060 haeretici!
1591 989 1632 1061 At
1653 985 1700 1088 pii

130 1106 258 1191 fideles,
276 1107 381 1179 Deum
397 1103 613 1191 celebrantes,
632 1132 706 1178 cum
721 1106 852 1204 Angelis
870 1106 957 1179 diem
973 1108 1090 1180 testum
1109 1121 1221 1204 agunt.

180 1228 397 1327 Quapropter,
416 1239 541 1300 tantum
564 1227 674 1324 glorie
694 1227 858 1325 fastigium
882 1229 1037 1330 adeptus,
1063 1255 1202 1326 maguus
1221 1241 1436 1328 protomartyr
1453 1256 1471 1300 a
1491 1229 1700 1302 Sanctissimo

129 1348 253 1448 Spiritu
269 1347 482 1420 lucidissima¹
499 1347 599 1421 divini
615 1348 757 1420 thesauri
775 1348 966 1422 celsitudine
983 1348 1101 1446 dignus
1122 1361 1170 1420 est
1185 1348 1331 1435 habitus3
1349 1349 1442 1421 etita
1459 1377 1556 1450 super
1574 1351 1699 1436 omnia,

131 1484 166 1541 ιιι
184 1469 323 1554 ιιιιιιιιιι,
340 1469 572 1554 exaltasset,
592 1482 644 1554 ut,
664 1497 736 1542 cum
757 1469 957 1570 simplicibus
979 1469 1213 1554 intellectibus,
1232 1468 1354 1542 videret
1371 1469 1507 1567 gloriam
1527 1471 1597 1542 Dei.
1614 1470 1702 1544 Vidit

130 1591 262 1689 quidem
284 1591 410 1674 lesum,
428 1618 566 1690 magnus
588 1590 673 1664 inter
690 1591 872 1690 Apostolos,
892 1619 1000 1664 rerum
1019 1591 1197 1663 secundum
1216 1590 1354 1690 figuram
1377 1590 1519 1691 corporis
1535 1575 1699 1677 ildamici3

128 1711 252 1810 primus
267 1725 376 1786 autem
394 1725 586 1811 martyrum,
603 1711 805 1811 Stephanus,
822 1713 1087 1812 transfiguratum
1103 1713 1191 1784 etad
1207 1712 1345 1809 gloriam
1363 1711 1538 1784 divinitatis
1555 1726 1700 1785 evectum

130 1831 225 1929 (vidit
240 1829 384 1935 lesum),
403 1832 557 1934 quoniam
574 1833 653 1906 vidit
670 1833 763 1906 illum
780 1833 1045 1929 transfiguratum
1066 1860 1085 1905 a
1105 1833 1233 1906 dextera
1248 1832 1402 1906 Altissimi
1422 1817 1610 1906 sedentem:
1627 1859 1700 1930 gra·

131 1981 199 2026 vem
216 1965 467 2026 transmutatum·
481 1953 516 2025 in
533 1953 699 2036 subtilem,
716 1952 884 2026 mortalem
899 1953 934 2026 in
948 1952 1179 2036 immortalem,
1200 1952 1441 2053 corruptibilem
1456 1952 1491 2025 in
1506 1952 1701 2052 incorrupti·

130 2073 245 2158 bilem,
274 2087 437 2146 terrenum
464 2073 497 2146 in
521 2074 738 2174 spiritualem,
763 2073 901 2147 fluidum
925 2074 960 2147 in
984 2074 1133 2172 igneum,
1156 2087 1338 2148 terrestrem
1363 2073 1397 2148 in
1419 2072 1596 2156 coelestem,
1620 2073 1699 2146 dum

130 2193 262 2294 superni
286 2194 400 2267 muudi
425 2194 628 2268 altitudinem
655 2196 848 2295 penetravit,
869 2195 925 2268 ubi
943 2223 1070 2268 summo
1095 2195 1220 2268 bonore
1242 2193 1393 2270 recolitur
1420 2223 1439 2268 a
1465 2194 1573 2268 dextra
1600 2195 1701 2294 patris

130 2316 302 2388 luminum.
325 2316 410 2388 Deus
428 2316 508 2388 lucis
526 2314 684 2415 templum
703 2317 855 2401 extruxit,
881 2317 1050 2390 mortalem
1071 2344 1169 2417 supra
1190 2343 1318 2402 omues,
1336 2331 1404 2389 tum
1429 2315 1611 2398 sensibiles,
1631 2327 1699 2386 tum

130 2437 314 2538 spirituales
333 2451 511 2522 creaturas,
527 2437 680 2538 ponendo
698 2436 876 2511 hominem.
896 2435 1007 2538 (167)

181 2615 264 2686 Vlll.
293 2614 383 2687 Tunc
406 2615 507 2712 igitur
527 2615 568 2686 ab
602 2615 689 2686 omni
714 2614 854 2688 Ecclesia
881 2613 1054 2698 catholica,
1078 2641 1136 2715 per
1159 2613 1400 2688 indeficientem
1428 2613 1532 2686 zelum
1560 2625 1701 2712 atquae

131 2735 197 2808 Deo
212 2734 416 2808 individuum
429 2763 589 2820 amorem,
600 2750 641 2809 ut
654 2735 775 2808 dictum
791 2750 854 2820 est,
868 2736 984 2835 spiritu
1000 2736 1042 2808 ad
1060 2736 1201 2836 primum
1214 2735 1293 2810 abiit
1307 2735 1424 2808 coelum
1439 2749 1471 2808 et
1484 2734 1518 2806 in
1529 2733 1702 2833 spirituum

130 2857 205 2930 sede
219 2857 364 2958 quiescit.
377 2858 412 2930 Si
425 2858 513 2959 quis,
530 2869 603 2956 post
612 2857 696 2942 brac,
707 2857 781 2929 velit
796 2883 1047 2930 commemorare
1061 2858 1128 2931 Deo
1140 2858 1258 2930 amicos
1270 2857 1455 2956 Christique
1469 2855 1541 2928 luce
1554 2855 1703 2955 perfusos

129 3005 305 3076 puerorum
326 2979 440 3051 choros
460 2978 517 3077 qui
534 2979 568 3050 in
584 2977 772 3050 bethlehem
792 2977 884 3048 Judae
902 2977 996 3048 occisi
1014 2993 1105 3062 sunt,
1123 3003 1219 3050 nemo
1235 2975 1448 3060 contradicet,
1468 2975 1623 3077 quoniam
1641 3001 1700 3074 pro

130 3097 256 3171 Christo
289 3113 321 3172 et
347 3099 382 3170 in
410 3099 537 3172 Christo
565 3097 708 3170 defuncti
738 3124 808 3168 sere
838 3110 914 3169 sunt
940 3111 1117 3195 martyrum
1143 3097 1348 3196 primogeniti
1376 3096 1537 3196 primique
1562 3096 1703 3168 veritatis

130 3231 294 3316 martyres.
323 3217 427 3290 Simul
452 3230 636 3290 sanctorum
661 3218 907 3316 justorumque,
935 3217 991 3316 qui
1019 3217 1060 3288 dc
1088 3243 1169 3288 novo
1199 3216 1322 3318 populo
1351 3215 1411 3288 orti
1442 3231 1533 3301 sunt,
1554 3214 1703 3288 ductores

129 3339 284 3422 existunt,
303 3338 459 3439 quoniam
482 3338 595 3424 coelos,
614 3353 688 3414 ante
709 3339 847 3410 salutem
871 3337 996 3410 mundo
1019 3365 1076 3438 per
1094 3365 1221 3412 crucem
1238 3353 1381 3438 partam,
1399 3349 1621 3437 penetramnt.
1641 3336 1703 3410 Per

131 3487 258 3532 crucem
280 3458 471 3532 immortalis
491 3459 743 3560 incorruptaque
759 3459 821 3532 vita
839 3459 955 3532 llorere
971 3460 1066 3558 coepit
1079 3459 1114 3532 in
1127 3460 1268 3544 mundo;
1287 3471 1320 3531 at
1339 3457 1578 3559 ipsivviolentcr
1597 3455 1704 3530 necati

131 3581 217 3654 inter
227 3581 260 3652 in
277 3593 433 3652 eternum
448 3579 645 3654 dormientes
662 3581 758 3682 positi
777 3594 869 3666 sunt,
881 3580 985 3653 donec
1003 3579 1048 3652 ihi
1061 3579 1196 3679 justitiae
1211 3579 1259 3652 sol
1276 3579 1392 3652 divine
1412 3577 1492 3651 lucis
1507 3578 1615 3650 radios
1629 3578 1704 3652 mit·

130 3715 222 3774 teret.
235 3701 303 3776 Hoc
312 3727 410 3801 porro
425 3701 469 3774 ita
483 3729 551 3774 esse
572 3701 657 3776 disce
669 3729 703 3776 ex
715 3701 853 3776 maximo
871 3702 1060 3774 internatus
1072 3701 1263 3786 mulierum,
1275 3701 1615 3799 exloanneBaptista,
1628 3700 1701 3801 qui,

125 3823 261 3922 jamjam
277 3822 469 3908 moriturus,
485 3800 613 3896 Christo
631 3823 781 3898 dicebat:
797 3825 869 3896 «Tu
888 3852 921 3896 es
940 3824 996 3924 qui
1009 3837 1164 3898 venturus
1180 3837 1243 3908 est,
1260 3851 1302 3896 an
1318 3823 1419 3896 alium
1435 3821 1701 3922 expectamus²la

131 3944 192 4017 Ubi
207 3945 289 4017 lorte
302 3945 509 4018 manifestum
527 3959 574 4018 est
590 3947 642 4042 agi
657 3946 698 4019 de
713 3947 857 4030 interno,
872 3945 957 4047 (quo
972 3945 1119 4020 Christus
1133 3946 1238 4019 iturus
1258 3941 1343 4046 erat)
1362 3944 1555 4019 adsalutem
1571 3943 1702 4016 illorum

130 4066 340 4166 operandam.
353 4066 448 4150 Quod
461 4067 488 4138 si
504 4067 572 4141 hec
587 4068 730 4142 loannes
747 4067 853 4167 potuit
865 4067 971 4140 dicere
987 4067 1028 4141 de
1043 4068 1148 4169 seipso
1165 4080 1198 4140 et
1215 4067 1256 4140 de
1271 4067 1458 4140 ascensione
1466 4067 1629 4164 justorum
1646 4063 1707 4166 qut

129 4187 222 4262 illum
237 4201 480 4289 precesserant,
498 4203 620 4288 quanto
640 4190 743 4288 magis
761 4201 888 4290 oportet
903 4188 986 4262 illud
1003 4189 1110 4262 dicere
1127 4189 1166 4262 de
1185 4188 1310 4288 pueris,
1328 4215 1425 4288 quos,
1442 4187 1501 4260 etsi
1515 4185 1705 4258 innocentes

130 4323 250 4394 esseut,
267 4309 444 4382 immolavit
460 4310 619 4384 Herodes!
635 4311 744 4394 Quare
759 4323 899 4384 mentem
919 4311 1067 4411 aperiens
1083 4309 1184 4409 paulo
1199 4322 1272 4409 post
1285 4309 1363 4382 dixit
1378 4309 1546 4382 Salvator:
1559 4307 1702 4390 «Αιιιιιι,

131 4458 259 4504 aunum
281 4431 353 4502 dico
371 4431 475 4514 robis,
495 4431 572 4531 quia
595 4445 671 4504 sunt
694 4431 746 4504 bic
769 4431 902 4532 quidem
920 4445 1055 4516 stantes,
1073 4431 1130 4533 qui
1155 4458 1220 4507 non
1247 4430 1426 4529 gustabunt
1442 4443 1579 4502 mortem
1599 4409 1705 4529 prius·

131 4579 253 4652 aquam
274 4553 404 4626 videant
421 4579 558 4650 regnum
578 4553 705 4625 coeli³.n
724 4554 763 4625 dt
780 4551 944 4653 loquendo
960 4553 1001 4626 de
1017 4581 1118 4650 regno
1134 4552 1211 4633 Dei,
1227 4552 1308 4624 nibil
1324 4551 1414 4624 aliud
1433 4550 1586 4648 intelligit
1605 4576 1703 4649 quam

130 4672 230 4773 ipsius
246 4674 529 4758 resurrectionem,
545 4701 617 4773 quae
631 4674 782 4747 omnibus
795 4675 911 4747 sanctis
925 4674 1115 4747 universalis
1130 4673 1392 4746 resurrectionisl
1411 4687 1443 4745 et
1453 4669 1704 4772 incormptionis

129 4793 248 4893 pignus
260 4796 369 4868 lutura
388 4809 467 4868 erat.
482 4795 579 4879 Quod
592 4809 701 4868 autem
715 4795 794 4870 dixit
808 4795 954 4870 Christus
969 4828 977 4868 ε
997 4823 1087 4868 anon
1103 4794 1280 4894 gustabunt
1294 4809 1474 4879 mortemue
1489 4819 1547 4893 per
1557 4791 1619 4866 hoc
1636 4818 1702 4865 non

129 4913 331 5012 intelligebat
348 4917 516 5016 presentis
534 4918 677 5018 corporis
689 4918 951 5004 dissolutionem,
966 4945 1077 4991 verum
1093 4917 1135 5000 ad
1149 4919 1271 4989 interos
1286 4916 1476 4989 descensum
1493 4927 1566 5013 post
1578 4927 1704 4986 saucto-

131 5062 202 5106 rum
219 5035 399 5110 animarum
416 5039 639 5112 liberationem
654 5067 713 5138 per
726 5064 851 5111 crucem
866 5053 1040 5138 peractam.
1248 5027 1254 5036 ⁵

182 5211 233 5283 lX.
263 5213 302 5284 Et
320 5241 421 5299 nunc,
441 5219 715 5318 quemadmodum
731 5217 877 5290 Christus
895 5219 936 5290 ad
949 5219 1044 5290 coelos
1063 5218 1219 5296 elevatus,
1235 5229 1332 5314 atque
1351 5240 1423 5284 curn
1440 5212 1553 5286 codern
1570 5238 1704 5312 corpore

169 5375 174 5403 ¹
197 5371 309 5426 ιιοιιιιιι.
323 5370 477 5425 lucidissimo.
494 5378 551 5412 --ι
568 5371 654 5429 ιιιιιιι.
670 5393 707 5434 ιι,
725 5377 750 5427 s.
767 5404 799 5413 -
815 5377 824 5406 ³
839 5371 898 5427 lla'd.
913 5392 963 5431 ιιι,
977 5377 1021 5426 oa.
1035 5374 1093 5414 -·¹
1110 5375 1128 5426 rt
1141 5373 1220 5426 omitt.
1236 5384 1258 5426 et
1268 5371 1460 5444 iecora-uptiont'a.
