4006 6098
530 569 731 638 SANCTUS
763 571 1027 640 GltllGORlUS
1057 573 1436 640 TllAUllA'l'UllGllS.
1701 575 1762 642 391

198 721 283 803 ritae3
299 717 347 790 illi
361 715 550 790 traditiones
566 718 659 814 Legis
675 718 893 818 explicabant,
905 720 1050 792 Gentiles
1065 722 1188 792 fructos
1202 735 1338 820 carpunt
1355 722 1549 822 spirituales.
1564 724 1667 798 allece
1682 725 1768 820 virgo

197 838 419 938 «concipiet»
437 837 567 937 Explica
585 837 681 922 mihi,
700 839 861 922 oludac,
881 867 978 940 quem
999 842 1149 939 genuerit
1164 841 1282 940 Virgo?
1296 842 1389 916 Aude
1406 857 1438 914 ct
1455 844 1589 944 loquere
1607 843 1689 917 sieut
1705 845 1769 917 lle·

198 961 268 1034 rodi
283 961 410 1032 locutus
423 987 467 1030 es.
483 958 602 1032 Verum
618 960 692 1033 novi
710 975 740 1033 te
759 986 826 1034 non
840 961 977 1044 audere,
993 989 1051 1034 nec
1069 963 1234 1036 veritatem
1248 963 1406 1064 loqueris,
1419 964 1495 1064 quia
1509 964 1628 1062 dignus
1646 991 1712 1038 non
1723 991 1767 1038 es.

198 1081 320 1154 Herodi
333 1079 524 1153 consuluisti
543 1096 579 1152 ut
594 1107 732 1179 puerum
751 1081 959 1154 occideret.A
979 1110 1031 1154 me
1050 1095 1081 1154 tc
1097 1083 1269 1156 abscondis
1281 1085 1359 1183 quia
1373 1111 1512 1184 puerum
1532 1085 1645 1157 adoro.
1662 1087 1769 1170 Quem

197 1203 296 1300 igitur
322 1227 431 1273 revera
460 1200 586 1300 peperit
605 1200 720 1299 Virgo?
740 1202 868 1274 Natura
891 1202 1067 1275 Dominum
1089 1229 1267 1302 corporeas,
1289 1204 1383 1303 quia,
1404 1205 1464 1278 etsi
1483 1203 1517 1276 id
1539 1206 1639 1290 celes,
1660 1220 1767 1278 taman

197 1348 309 1397 omnes
327 1321 530 1422 proclamant
546 1335 712 1394 creaturae.
729 1323 860 1420 Peperit
875 1322 989 1421 Virgo,
1008 1350 1075 1396 non
1092 1324 1174 1396 sicut
1190 1323 1276 1424 ipsa,
1295 1323 1351 1396 sed
1366 1325 1450 1397 sicut
1463 1325 1639 1425 pariendus
1657 1327 1769 1400 voluit.

197 1446 266 1516 Non
290 1443 332 1515 ad
358 1441 494 1515 modum
516 1443 659 1542 eorporis
679 1471 713 1518 se
735 1443 834 1540 gessit
851 1445 953 1527 Deus,
973 1471 1081 1544 neque
1103 1443 1164 1517 sub
1189 1471 1362 1546 corporum
1385 1444 1491 1544 legem
1515 1446 1644 1531 cecidit,
1665 1461 1714 1522 ast
1734 1475 1768 1520 se

198 1579 351 1665 tanquam
370 1575 493 1635 naturae
510 1590 671 1664 corporcae
691 1565 866 1638 Dominum
886 1564 1049 1648 exhibuit,
1068 1566 1125 1666 ‹pui
1145 1563 1327 1639 mirabilem
1345 1565 1543 1639 nativitatem
1564 1569 1687 1639 mundo
1714 1595 1770 1639 os·

196 1685 315 1767 tondit,
335 1697 371 1757 ut
391 1683 564 1757 manilesta
584 1683 640 1757 liat
662 1685 760 1758 uirtus
783 1687 852 1784 ejus
877 1699 908 1758 et
933 1700 969 1758 ut
989 1699 1145 1760 monstret
1166 1687 1255 1786 quod
1277 1687 1375 1760 bomo
1392 1687 1496 1761 lactus
1514 1716 1578 1761 non
1597 1703 1770 1786 generatur

197 1822 232 1880 ut
250 1807 365 1890 bomo,
379 1805 436 1878 sed
455 1805 543 1906 quod
563 1819 718 1906 tanquam
738 1807 825 1879 Deus
840 1807 938 1880 bomo
954 1807 1007 1891 sit,
1024 1809 1101 1907 quia
1122 1807 1278 1880 voluntati
1295 1804 1401 1908 (ejus)
1420 1808 1503 1881 nibil
1520 1822 1568 1881 est
1585 1808 1726 1882 difficile.

248 1983 327 2056 lllV.
356 1983 394 2054 ln
414 1982 475 2055 boc
492 2008 611 2080 magno
629 1981 683 2054 dio
702 1982 743 2054 do
761 1982 885 2080 virgine
900 1995 995 2056 natus
1013 1996 1062 2056 est
1079 1996 1111 2056 et
1129 1996 1278 2056 naturam
1296 1983 1380 2056 vicit.
1396 1983 1603 2058 Matrimonia
1618 1983 1770 2057 excelsior

197 2117 244 2176 est
266 2103 412 2204 liberque
435 2131 454 2174 a
481 2102 699 2202 corruptione.
720 2102 862 2176 Decebat
883 2103 971 2177 enim
992 2131 1071 2176 eum
1098 2103 1155 2204 qui
1181 2103 1335 2176 castitatis
1357 2115 1406 2176 est
1430 2104 1544 2177 doctor
1567 2116 1603 2176 ut
1631 2105 1770 2202 gloriose

198 2224 381 2324 splenderet
404 2252 439 2294 ex
465 2249 548 2322 puro
573 2222 847 2323 immaculataque
875 2237 967 2296 utero
989 2223 1170 2320 egrediens.
1189 2223 1261 2324 lpse
1288 2224 1374 2296 eninr
1398 2225 1541 2323 estqui,
1564 2224 1606 2296 ab
1626 2225 1771 2306 initio,e

197 2355 281 2417 terra
302 2345 424 2442 virgine
441 2343 603 2418 Adamum
621 2344 754 2428 creavit,
770 2345 894 2445 quiquo
917 2372 953 2417 en
968 2345 1091 2417 Adamo
1111 2345 1234 2446 absque
1257 2344 1392 2416 muliera
1413 2345 1454 2417 ad
1472 2346 1609 2418 sormam
1627 2345 1772 2418 mulien's

196 2465 331 2539 adduxit
351 2465 459 2538 Evam.
485 2465 602 2548 Porro,
621 2465 900 2566 quemadmodum
922 2465 1081 2551 Adeamus,
1100 2466 1169 2540 sine
1194 2465 1349 2550 muliere,
1373 2465 1462 2566 prius
1487 2467 1626 2567 primam
1654 2467 1772 2540 mulie-

197 2614 265 2659 rem
288 2587 322 2660 in
342 2587 484 2659 medium
505 2587 595 2672 tulit,
612 2587 675 2671 ito,
693 2585 728 2658 in
744 2585 806 2659 boc
826 2587 895 2670 dio,
915 2586 1004 2686 virgo
1027 2587 1152 2688 peperit
1168 2585 1292 2688 absque
1309 2586 1459 2672 bomine,
1478 2587 1658 2660 secundum
1673 2614 1771 2688 quem

198 2707 358 2807 Propheta
375 2707 454 2780 dixit
469 2707 625 2781 modum:
642 2707 775 2781 allomo
790 2722 837 2781 est
854 2709 972 2808 etquis
988 2721 1161 2806 cognoscet
1175 2735 1250 2780 eum
1263 2709 1318 2779 ¹2»
1335 2708 1441 2780 Homo
1457 2721 1505 2780 est
1520 2707 1681 2793 Christus,
1696 2735 1772 2780 nam

196 2828 364 2902 manifeste
382 2829 467 2901 visus
481 2841 529 2901 cst
544 2827 600 2929 qui
618 2841 687 2900 erat
704 2856 723 2900 a
741 2829 809 2902 Dee
826 2829 970 2926 genitus,
986 2830 1141 2930 quoniam
1159 2828 1271 2927 generi
1287 2829 1460 2902 mulierum
1481 2829 1627 2902 conlerrc
1642 2843 1773 2930 oporte·

197 2950 254 3024 bat
276 2949 310 3023 id
328 2949 418 3050 quod
433 2949 587 3022 collatum
611 2949 716 3022 luerat
735 2948 904 3022 bominum
927 2951 1049 3047 generi.
1071 2949 1127 3050 At,
1144 2949 1419 3049 quemadmodum
1443 2977 1479 3021 ex
1496 2949 1621 3024 Adamo
1642 2949 1770 3034 mulier,

198 3073 320 3171 absque
345 3072 482 3144 muliere
505 3067 722 3172 (prodierat),
738 3070 784 3142 ita
806 3097 824 3142 e
846 3069 999 3152 moliare,
1018 3069 1087 3140 sinc
1111 3070 1197 3154 viro,
1216 3069 1264 3141 vir
1282 3066 1446 3169 (prodiret
1468 3068 1671 3170 oportebat),
1690 3069 1773 3143 vices

197 3191 285 3274 Evae,
309 3205 346 3268 ot
365 3191 511 3264 debitum
534 3203 619 3274 crat,
639 3190 753 3288 generi
773 3189 943 3262 bominum
964 3189 1167 3273 redditurus,
1186 3216 1227 3260 ne
1251 3189 1444 3287 gloriaretur
1462 3190 1605 3264 Adamas
1627 3217 1666 3262 eo
1683 3191 1773 3291 quod

198 3310 384 3409 protulisset
399 3311 569 3383 mulierem
586 3309 656 3382 sine
673 3309 820 3383 mulieris
837 3309 1029 3382 interventu.
1051 3309 1259 3408 Quapropter
1274 3309 1363 3406 virgo
1382 3309 1504 3408 absque
1522 3310 1580 3381 viri
1597 3309 1771 3382 concubitu

199 3432 303 3504 Deum
326 3431 467 3504 Verbum
495 3431 618 3530 gignit,
643 3431 809 3504 bominem
839 3429 977 3516 sactum,
1007 3444 1059 3515 ut,
1085 3430 1203 3530 aequali
1225 3429 1376 3529 prodigio
1404 3444 1436 3502 ct
1460 3429 1576 3530 aequali
1600 3455 1771 3514 mensura,

197 3553 331 3653 aequalis
354 3553 457 3626 bonos
481 3552 612 3652 utrique
632 3551 788 3626 reddatur
809 3552 952 3627 virorum
980 3565 1012 3628 ct
1039 3552 1213 3624 mulierum
1240 3551 1340 3623 sexui.
1365 3552 1404 3625 Et
1430 3551 1706 3654 quemadmodum
1734 3579 1769 3624 ex

196 3675 321 3748 Adamo
339 3688 468 3774 sumpta
493 3686 541 3746 est
563 3674 681 3746 mulier
698 3674 779 3774 quin
794 3673 937 3748 Adamus
953 3674 1145 3746 imminutus
1159 3673 1275 3757 luerit,
1293 3673 1338 3746 ita
1354 3702 1391 3746 ex
1403 3673 1527 3771 virgine
1544 3685 1710 3774 sumptum
1722 3686 1772 3744 est

198 3823 331 3895 corpus,
349 3796 504 3895 virgoque
520 3823 579 3867 noc
596 3795 768 3868 imminuta
783 3795 846 3868 luit
858 3822 917 3867 nec
932 3795 1033 3894 ipsius
1047 3794 1212 3892 virginitas
1229 3821 1325 3890 passa
1343 3807 1391 3866 ost
1407 3793 1648 3867 detrimentum.
1663 3793 1770 3866 Sanus

198 3930 229 3988 et
241 3917 467 3989 immaculatus
481 3916 661 4017 permansit
675 3914 833 3999 Adamas,
848 3893 955 3988 ablata
973 3943 1008 3987 ex
1025 3916 1094 4015 ipso
1111 3928 1214 3998 costa,
1227 3915 1272 3986 ita
1286 3929 1317 3987 ct
1335 3915 1458 4015 absque
1475 3915 1601 3988 macula
1617 3913 1772 3988 remansit

197 4037 302 4134 virgo,
322 4040 454 4138 quando
478 4039 565 4111 Deus
588 4035 729 4109 Verbum
752 4035 884 4135 prodiit.
914 4037 1093 4138 Eapropter
1123 4063 1188 4110 non
1207 4035 1346 4108 ,aliunde
1368 4064 1463 4108 suum
1492 4063 1608 4136 corpus
1634 4034 1770 4135 sumpsit

197 4155 390 4259 (Verbum),
408 4186 514 4257 neque
534 4157 667 4229 aliunde
685 4157 793 4229 induit
814 4183 906 4230 suam
925 4157 1085 4242 tunicam,
1104 4183 1144 4228 ne
1166 4156 1253 4228 lalsae
1269 4156 1477 4229 crederentur
1494 4156 1609 4229 Adami
1632 4155 1768 4256 injuriae.

199 4279 304 4352 Homo
327 4279 413 4352 enim
434 4278 620 4352 vulneratus
643 4277 895 4350 instrumentum
915 4274 1030 4378 (ΜΟ)
1052 4277 1193 4376 malique
1219 4305 1273 4349 vas
1295 4273 1406 4348 lactus
1420 4275 1467 4348 est
1487 4309 1495 4348 ι
1514 4289 1696 4376 eapropter,
1718 4299 1771 4347 vas

196 4400 292 4499 plene
310 4399 431 4500 accepit
448 4401 595 4472 Christus
612 4399 645 4470 in
664 4390 759 4470 suum
779 4425 912 4498 corpus,
930 4410 979 4481 ut,
997 4399 1124 4497 corpori
1145 4398 1296 4470 creatoris
1308 4397 1478 4497 junctum,
1497 4409 1734 4470 converteretur
1751 4425 1770 4468 a

198 4522 302 4621 pravis
326 4521 446 4592 inimici
469 4519 567 4603 vitiis,
587 4545 771 4619 corpusque
799 4518 949 4590 indueret
976 4529 1132 4589 aeternum
1162 4518 1251 4616 quod
1277 4518 1309 4590 in
1332 4517 1447 4590 secula
1472 4545 1529 4591 neo
1557 4516 1687 4589 dissolvi
1711 4543 1770 4589 ncc

197 4641 319 4714 destrui
341 4654 458 4742 posset.
477 4639 627 4711 Attamen
651 4639 749 4711 bomo
767 4639 870 4711 lactus
894 4664 960 4711 nen
986 4637 1127 4710 nascitur
1149 4650 1184 4709 ut
1208 4638 1307 4711 bomo
1325 4640 1411 4711 nasci
1433 4639 1531 4722 solet,
1549 4636 1605 4708 sed
1629 4636 1771 4730 nascitur
1851 4629 1858 4644 ’

199 4775 234 4832 ut
252 4761 338 4835 Deus
364 4763 420 4863 qui
437 4763 534 4834 bomo
553 4761 606 4844 lit,
630 4761 687 4860 qui
710 4788 840 4832 omnem
863 4787 955 4833 suam
980 4757 1122 4830 ostendit
1143 4760 1312 4842 virtutem,
1330 4759 1503 4860 quoniam,
1521 4757 1547 4829 si
1567 4785 1585 4828 a
1605 4755 1770 4828 communi

199 4894 313 4954 natura
339 4896 433 4955 natus
458 4883 586 4966 luisset,
609 4882 727 4954 lalsum
748 4881 871 4982 aliquid
894 4908 962 4953 esse
981 4880 1101 4952 lactum
1127 4894 1312 4981 reputatum
1335 4879 1446 4952 luisset
1465 4877 1616 4950 Verbum.
1635 4877 1771 4976 Propter

198 5001 258 5073 boc
276 5003 317 5074 de
335 5004 456 5102 virgine
475 5015 633 5077 natusest
651 5015 683 5076 et
699 5003 820 5087 illuxit3
834 4997 983 5102 (propter
998 4999 1077 5102 boc)
1096 5001 1258 5073 nascendo
1276 4999 1464 5073 inviolatum
1485 4999 1618 5071 servavit
1641 5011 1768 5070 uterum

198 5121 498 5224 virginitatemque,
513 5138 549 5195 ut
567 5137 678 5224 partus
696 5121 841 5194 inaudita
857 5121 999 5192 conditio
1015 5121 1124 5219 magni
1140 5121 1233 5194 nobis
1250 5135 1333 5193 esset
1351 5121 1478 5218 signum
1497 5116 1650 5217 mysterii.

237 5338 244 5366 ¹
263 5335 297 5388 Ea
309 5353 358 5407 quo
368 5334 501 5408 Scriptura
512 5355 585 5389 sacru·
599 5335 661 5389 libro
672 5335 816 5389 desumatur
831 5340 923 5396 tentus,
938 5352 981 5386 nos
993 5333 1066 5405 plano
1078 5333 1145 5386 lallit.
