3990 6092
574 523 778 592 SANCTUS
808 525 1057 591 DIONYSIUS
1089 525 1377 592 subornetur.
1693 529 1755 595 271

183 673 334 746 universe
346 687 500 744 tremeret
510 700 617 744 eornm
629 673 686 744 illo
700 675 906 774 universique
918 673 1066 745 homines
1077 702 1152 746 eum
1166 675 1241 746 odio
1253 690 1538 776 prosequerentur,
1554 678 1621 776 ipse
1636 704 1762 776 semper

184 795 231 866 illi
252 795 355 867 fidelis
372 795 561 895 permansit.
581 794 675 867 Multi
694 810 787 867 erant
804 793 882 867 Eiiae
903 795 1070 896 discipuli,
1096 823 1235 895 quorum
1254 824 1294 869 ne
1313 824 1398 869 unus
1411 797 1560 897 quidem,
1579 811 1636 869 eut
1651 825 1763 898 pessus

186 931 247 1000 est,
268 931 325 987 aut
340 915 473 988 sustulit
490 915 615 1016 aliquid
633 943 692 1015 pro
716 945 771 998 eo,
792 931 908 1016 praeter
931 917 1088 1001 Eiiseum,
1112 919 1169 1017 qui
1193 918 1351 990 israelites
1376 919 1518 991 dicentes
1540 951 1548 988 ε
1572 919 1646 992 «En
1669 919 1763 991 disci-

184 1038 308 1137 npulus
325 1037 413 1109 illius
430 1039 487 1137 qui
505 1037 610 1136 legem
634 1037 750 1109 violet!
768 1037 817 1110 En
836 1037 1014 1138 discipulus
1034 1038 1107 1110 irrisi
1123 1038 1291 1139 prophete
1318 1041 1376 1139 qui
1396 1068 1471 1111 eum
1492 1066 1661 1140 nunquam
1683 1041 1762 1112 reli-

183 1159 326 1259 equitlo
352 1159 563 1258 impugnavit.
584 1160 801 1258 Quapropter,
825 1159 901 1254 telin¹
924 1173 956 1231 et
976 1160 1096 1231 talibus
1119 1159 1235 1232 similia
1257 1187 1429 1260 perpessus
1452 1189 1525 1233 cum
1543 1161 1628 1246 Etis,
1643 1163 1762 1260 dignus

182 1293 232 1352 est
249 1281 380 1352 habitus
402 1282 458 1381 qui
474 1309 494 1352 a
513 1281 666 1378 magistro
685 1307 743 1351 suo
770 1307 900 1353 onmem
924 1283 1059 1378 gratiam
1082 1309 1179 1382 quern
1203 1282 1340 1382 petierat
1364 1283 1532 1382 occiperet.
1553 1283 1646 1355 Multi
1665 1285 1759 1356 etiem

184 1415 277 1473 erent
298 1401 400 1472 Paulo
419 1400 585 1501 discipuli,
605 1428 715 1473 verum
734 1428 775 1472 ne
793 1428 879 1472 unus
894 1401 1026 1501 quidem
1047 1429 1120 1474 cum
1143 1431 1197 1486 eo,
1215 1417 1331 1502 praeter
1348 1416 1394 1486 te,
1413 1409 1592 1476 tormenta¹
1613 1405 1758 1488 sustulit,

183 1522 273 1597 unde
292 1522 409 1620 dignus
433 1549 467 1594 es
485 1522 542 1622 qui
562 1522 648 1594 done
665 1521 722 1594 itta
740 1521 876 1596 eximia²
894 1523 1042 1623 accipias.
1062 1523 1127 1608 Oui
1147 1524 1295 1597 laborum
1315 1537 1363 1596 est
1380 1523 1567 1608 retributor,
1582 1525 1652 1624 ipse
1668 1525 1761 1598 lebo-

182 1644 275 1716 ribus
292 1645 355 1716 tuis
368 1643 550 1718 mercedem
563 1643 678 1728 solvet,
695 1671 755 1744 pro
768 1643 919 1716 omnibus
934 1645 1139 1744 passionibus
1158 1659 1190 1718 et
1206 1646 1341 1718 vinculis
1361 1673 1433 1745 quae
1448 1672 1522 1718 cum
1537 1645 1639 1718 Paulo
1655 1661 1761 1720 sustu-

182 1765 264 1850 tisri,
276 1792 334 1865 per
344 1766 607 1838 intercessionem
620 1769 829 1838 sanctorum³
848 1765 968 1864 quibus
982 1767 1016 1838 in
1028 1767 1210 1840 carceribus
1225 1767 1358 1838 serviisti
1376 1765 1500 1868 (2b9).
1512 1768 1580 1840 Deo
1599 1767 1675 1868 [qui
1689 1770 1761 1865 glo·

183 1887 320 1960 rificavit
332 1901 365 1960 et
374 1887 540 1960 coronavit
555 1885 666 1987 eosq,
679 1887 825 1985 Filioque
837 1888 906 1985 ejus
920 1887 996 1960 Jesu
1010 1885 1154 1971 Christo,
1168 1887 1372 1987 Spirituique
1383 1888 1501 1961 Sancto
1513 1888 1584 1960 leus
1597 1903 1629 1962 ct
1643 1889 1759 1976 honor,

183 2035 272 2080 nuno
290 2022 321 2080 et
337 2035 477 2110 semper,
491 2009 526 2080 iu
541 2007 657 2080 secuto
668 2008 872 2080 seculorum.
888 2007 1001 2080 Amen.
1021 2008 1154 2108 Explicit
1167 2007 1299 2080 historin
1318 2008 1358 2081 de
1377 2009 1471 2082 Petro
1490 2024 1521 2081 et
1536 2009 1649 2082 Peulo.

224 2207 230 2236 ¹
250 2203 270 2257 Α
287 2202 356 2258 nddit
368 2215 393 2256 et
408 2195 511 2258 omnio.
527 2236 564 2244 -
580 2207 589 2236 ²
609 2203 727 2257 tamum
738 2204 834 2275 gretie.
849 2207 907 2243 —³
928 2203 944 2256 Α
963 2203 1043 2258 omitt.
1058 2215 1205 2258 cunctorum.
1217 2235 1252 2244 -
1267 2205 1276 2238 ⁴
1296 2205 1315 2257 Α
1330 2204 1410 2258 omitt
1427 2212 1452 2257 et
1463 2203 1580 2258 transfert
1596 2205 1645 2259 hue
1660 2203 1725 2258 Lam
1738 2217 1760 2259 et

183 2297 267 2352 Soror.

186 2631 297 2696 «audeo
315 2632 429 2696 alterius
444 2642 528 2718 ceput
546 2632 656 2716 corpori
675 2633 761 2696 sancti
781 2631 858 2696 Peuli
877 2631 1039 2718 adjungere.
1057 2632 1112 2694 Sed
1128 2653 1300 2717 exponemus
1318 2653 1420 2716 corpus
1436 2632 1464 2694 S.
1486 2631 1563 2696 Pauli
1578 2641 1606 2696 et
1624 2655 1761 2717 ponemus

186 2745 291 2820 «ceput
302 2734 337 2795 od
353 2735 438 2820 podes
454 2736 592 2820 eorporis,
606 2745 716 2798 orentes
734 2745 762 2796 et
774 2744 899 2820 petentes
917 2735 1120 2798 misericordius
1133 2735 1198 2807 Dei,
1217 2746 1248 2798 ut
1267 2735 1291 2797 si
1312 2745 1397 2819 ceput
1410 2734 1463 2796 boc
1483 2735 1635 2798 abscissum
1649 2736 1706 2797 est¹
1727 2757 1760 2800 ex

188 2838 259 2899 ehoe
275 2859 403 2924 corpore,
417 2848 594 2901 convertetur
613 2849 640 2900 et
656 2839 842 2924 conjungetur
862 2859 963 2924 corpus
977 2839 1089 2924 cepitis
1112 2838 1205 2900 Firma
1220 2848 1261 2900 est
1274 2839 1333 2900 brec
1345 2839 1480 2900 sententio
1496 2838 1532 2900 ad
1546 2839 1691 2901 arbitrium
1707 2861 1760 2924 pu·
1809 2850 1814 2861 ’

186 2940 321 3002 triorche).
335 2939 370 3002 Et
383 2942 449 3010 hoc,
461 2940 523 3004 ideo
538 2941 614 3026 quod
632 2941 701 3002 nihil
718 2939 868 3002 dubietatis
885 2951 934 3002 eut
945 2939 1125 3002 hesitationis
1139 2961 1282 3003 occurrere
1297 2951 1413 3024 poteret.
1429 2941 1465 3003 Et
1477 2939 1599 3003 fecerunt
1613 2951 1644 3003 nt
1655 2941 1761 3004 dixerut

185 3043 356 3126 patriarche,
371 3053 411 3114 et,
427 3043 496 3105 dum
511 3053 615 3110 oraret,
636 3063 747 3104 versum
766 3051 808 3104 cst
822 3063 922 3126 oorpus
938 3041 983 3104 et²
1006 3041 1121 3102 udhaesit
1141 3043 1223 3126 cupiti
1241 3053 1268 3104 et
1283 3042 1460 3126 conjunctum
1477 3044 1562 3104 estin
1583 3045 1760 3128 conjunctura

184 3146 290 3208 eoiiiin
312 3145 402 3207 iocum
417 3167 510 3207 sumn.
530 3146 564 3206 Et
582 3165 679 3205 omnes
697 3144 747 3226 qui
767 3143 891 3204 uiderant
911 3143 1042 3204 admirati
1057 3153 1134 3212 sunt,
1152 3143 1248 3205 dentis
1267 3145 1385 3227 glorium
1399 3144 1470 3214 Deo,
1491 3156 1518 3206 et
1530 3146 1668 3207 sciverunt
1685 3147 1761 3231 quod

182 3257 270 3330 ceput
284 3257 342 3308 eret
351 3245 428 3308 Ponti
438 3245 621 3316 immaculati,
635 3246 684 3328 qui
697 3244 852 3306 fuitservus
863 3255 891 3306 et
900 3244 1040 3327 spostolus
1051 3243 1084 3306 D.
1101 3243 1132 3306 N.
1146 3245 1170 3306 J.
1186 3245 1217 3306 C.
1234 3245 1322 3315 Quem
1333 3245 1411 3308 decet
1422 3247 1524 3330 glorie,
1538 3248 1599 3310 laus
1611 3258 1639 3310 et
1653 3249 1757 3318 cottus.

185 3370 249 3410 curn
266 3350 346 3411 Putre
361 3359 388 3411 et
402 3348 507 3431 Spiritu
522 3348 638 3419 Sancto,
652 3369 726 3410 nunc
740 3357 768 3409 et
782 3368 892 3430 semper
907 3349 935 3408 in
949 3348 1038 3410 secuto
1053 3347 1217 3410 secutorum.
1235 3349 1331 3410 Amen.

227 3529 233 3557 ¹
253 3525 286 3584 B,
303 3525 322 3579 G
337 3525 375 3579 ob.
393 3529 446 3565 --¹
466 3525 579 3597 nr157
593 3525 678 3588 v⁰‚coi.
696 3545 720 3579 u.
