4006 6098
254 536 321 602 3811
603 535 784 602 PATRUM
808 535 1208 602 ANTENICAENORUM
1241 536 1477 604 thtEuTl.

252 686 396 760 divinum
412 699 508 785 caput
521 685 635 756 tuum?
653 683 825 766 Quomodo
845 685 1001 785 templum
1019 686 1162 784 corporis
1182 685 1229 756 tui
1242 684 1374 768 lavabo,
1389 686 1478 786 quod
1495 698 1544 758 est
1557 686 1681 788 absque
1699 688 1823 760 macula

253 821 350 906 atque
369 805 492 906 absque
511 806 662 905 peccato‘l
677 805 849 888 Quomodo
868 805 976 903 ignem
994 805 1186 904 baptizabo?
1204 805 1309 888 Quam
1328 807 1506 879 orationem
1524 805 1566 878 ad
1584 821 1615 880 te
1633 807 1748 880 faciam
1765 809 1823 908 qui

252 928 350 1000 etiam
368 926 499 999 illorum
518 928 575 1026 qui
594 938 625 999 te
644 953 710 998 nen
729 941 849 999 norunt
867 928 1028 999 orationes
1042 927 1295 1026 suseipisbdlios
1313 927 1391 1000 dum
1409 928 1553 1028 baptizo,
1569 929 1749 1002 innomine
1768 942 1824 1002 tuo

253 1046 430 1149 (baptizo),
447 1061 545 1148 atque
568 1075 622 1121 ees
643 1048 742 1122 doceo
764 1063 800 1120 ut
816 1061 846 1120 te
864 1061 936 1149 post
956 1075 1007 1120 me
1028 1075 1096 1120 esse
1114 1063 1285 1122 venturum
1307 1048 1453 1132 credant;
1472 1049 1530 1121 sed
1545 1063 1576 1122 te
1590 1050 1771 1149 baptizans,
1789 1051 1823 1122 in

252 1171 343 1268 cujus
366 1170 498 1241 nemine
522 1183 552 1240 tc
577 1169 805 1241 sanctificabo?
818 1213 869 1224 —
886 1168 1060 1265 baptizabo
1081 1182 1113 1241 te
1136 1170 1171 1240 in
1191 1170 1323 1241 nemine
1344 1169 1468 1241 Patris?
1484 1213 1534 1226 -
1548 1170 1615 1242 Sed
1637 1170 1771 1271 aequalis
1790 1195 1824 1242 es

252 1291 339 1363 Patri
358 1291 548 1362 substantia.
566 1289 756 1391 (baptizabo
776 1288 824 1391 te)
842 1291 876 1362 in
894 1292 1025 1364 nomine
1045 1290 1200 1362 Filiit—
1215 1290 1280 1363 Sed
1303 1303 1332 1362 te
1352 1317 1421 1362 esse
1440 1291 1560 1362 Filium
1575 1291 1633 1364 bei
1652 1293 1730 1364 citra
1745 1317 1825 1363 con-

252 1411 437 1484 troversiam
461 1425 517 1484 est.
538 1410 712 1511 baptizabo
734 1424 765 1482 te
788 1411 972 1483 innomine
992 1412 1133 1510 Spiritus
1148 1411 1279 1483 Sancti?
1293 1453 1343 1466 —-
1362 1410 1451 1483 «Sed
1469 1438 1506 1482 er
1530 1425 1561 1484 te
1584 1411 1776 1510 procedit¹n
1792 1425 1824 1484 et

251 1546 359 1604 tecum
375 1545 423 1604 est
440 1532 572 1632 aequalis
587 1531 787 1630 eternitate(
797 1530 886 1632 131)
903 1545 935 1604 et
948 1533 1127 1631 majestate.
1144 1533 1182 1604 ln
1200 1545 1231 1604 te
1245 1530 1397 1604 videntur
1414 1531 1510 1604 Pater
1526 1545 1558 1606 et
1575 1532 1725 1631 Spiritus.
1744 1533 1823 1616 Quis

253 1652 398 1752 perficiet
418 1666 525 1753 partes
549 1653 742 1725 sacerdotis?
757 1652 849 1751 sbgo
868 1652 999 1751 indigeo
1018 1667 1055 1724 ut
1076 1681 1094 1724 a
1112 1666 1143 1726 te
1167 1653 1347 1752 baptizans
1365 1651 1443 1753 quia
1468 1665 1502 1724 tu
1525 1679 1560 1725 es
1582 1652 1822 1726 immundorum

252 1773 468 1847 sanctificator
488 1787 520 1845 ct
535 1787 701 1874 purgator.
717 1775 782 1848 Cur
799 1775 883 1872 petis
901 1773 933 1846 id
955 1801 1020 1874 quo
1041 1802 1107 1847 non
1125 1773 1271 1872 indiges?
1285 1774 1409 1873 Sponsa
1428 1801 1500 1874 quae
1515 1774 1556 1848 de
1574 1801 1659 1874 aqua
1681 1772 1824 1846 ascendit

253 1907 341 1965 tuam
360 1893 524 1994 possidere
544 1893 820 1994 pulchritudinem
838 1908 955 1993 sperat.
974 1895 1018 1966 Ne
1033 1895 1153 1966 hareat
1169 1921 1259 1966 mens
1277 1894 1365 1966 illius
1383 1895 1514 1993 quando
1533 1909 1565 1967 te
1582 1893 1668 1967 videt
1685 1894 1728 1966 ad
1744 1894 1824 1996 bap-

252 2015 383 2087 tismum
403 2015 608 2088 accedentem
627 2029 662 2088 ut
680 2029 884 2116 peccatorum
901 2017 1101 2116 quempiam.

304 2191 360 2264 lll.
390 2192 490 2265 Porro
508 2219 581 2264 cum
599 2192 649 2263 bis
668 2207 699 2265 et
718 2192 837 2265 talibus
851 2190 992 2264 Ioannes
1012 2206 1225 2266 concertasset
1243 2221 1316 2264 cum
1331 2193 1422 2278 Jesu,
1437 2221 1555 2290 rogans
1573 2219 1647 2265 eum
1664 2192 1822 2265 dicendo:

253 2314 350 2386 «Non
372 2341 445 2386 sum
468 2313 586 2412 dignus
606 2327 642 2384 ut
662 2313 832 2386 extendam
851 2341 966 2385 manus
987 2340 1074 2385 meas
1095 2313 1136 2386 ad
1154 2315 1307 2413 corrigias
1322 2315 1610 2387 calceamentorum
1631 2317 1823 2397 tvrorum⁹,a

253 2449 330 2507 tunc
357 2435 516 2507 Dominus
541 2447 649 2507 noster
673 2435 799 2535 placide
824 2448 856 2508 et
879 2435 1018 2508 suaviter
1041 2435 1119 2508 dixit
1144 2436 1191 2508 illi
1209 2467 1217 2506 :
1238 2437 1339 2508 «Sine
1367 2436 1464 2508 medo
1481 2440 1532 2507 ³.»
1556 2433 1708 2507 Nondum
1736 2437 1823 2508 enim

254 2571 382 2655 tempus
401 2555 531 2628 advenit
548 2569 584 2627 ut
600 2555 736 2654 gloriam
754 2555 938 2656 praedieem.
955 2555 1094 2638 Accede,
1112 2557 1240 2656 baptiza
1262 2583 1314 2628 me
1332 2569 1363 2628 et
1385 2556 1519 2654 obsigna
1537 2555 1682 2658 nuptiale
1701 2582 1825 2654 sponse

254 2677 449 2759 convivium,
466 2676 621 2774 quoniam
639 2677 671 2747 in
690 2677 782 2777 aquis
797 2677 946 2750 lordonis
963 2675 1040 2748 mibi
1059 2689 1203 2748 sanctam
1218 2676 1420 2778 desponsabo
1437 2677 1627 2759 Ecclesiam,
1644 2676 1824 2777 lavabeque

250 2797 330 2869 mihi
350 2797 554 2897 sponsalitias
572 2811 685 2871 vestes.
704 2797 775 2870 Non
797 2798 984 2898 perficietur·
1008 2799 1205 2878 convivium,
1230 2799 1292 2870 nisi
1314 2798 1474 2898 baptismo
1496 2825 1567 2869 meo
1590 2797 1822 2880 sanctificatum

251 2919 366 3018 viaque
377 2917 595 3021 (praescripta)
609 2946 674 2992 nen
688 2933 905 3020 percurratur,
921 2919 981 2991 nisi
993 2918 1173 3019 baptismus
1190 2933 1304 3019 praesto
1319 2920 1369 2991 sit.
1382 2921 1427 2992 Ne
1441 2919 1638 2992 voluntatem
1651 2919 1823 3019 impugnes

250 3067 373 3126 meam,
393 3041 547 3141 quoniam
567 3041 689 3140 absque
707 3039 869 3141 baptismo
884 3041 1017 3141 vestigia
1035 3069 1098 3114 non
1115 3041 1268 3140 relegam.

303 3227 354 3300 lv.
382 3227 533 3300 Nondum
552 3241 684 3301 venerat
701 3227 828 3330 (lesus)
844 3229 886 3300 ad
905 3229 1009 3327 ripam
1032 3228 1193 3312 nummis,
1214 3226 1297 3329 (ast,
1315 3255 1389 3300 cum
1407 3227 1626 3330 adventasset)
1645 3227 1824 3300 circumde-

250 3349 369 3422 derunt
384 3349 477 3421 illum
496 3349 599 3422 turbae
613 3349 728 3450 populi
743 3349 868 3434 multae3
888 3350 981 3422 anxia
999 3350 1086 3422 enim
1105 3363 1175 3422 orat
1190 3377 1307 3450 sponsa
1321 3349 1599 3450 appropinquare,
1616 3363 1653 3423 ut
1669 3377 1822 3450 sponsum

251 3469 372 3543 videret
385 3498 493 3542 suum.
504 3471 688 3546 Accesserat
700 3470 756 3542 illa
772 3469 813 3542 ad
823 3471 839 3542 J
843 3497 982 3544 oannem
997 3471 1173 3571 deprecans
1185 3470 1277 3543 illum
1291 3484 1325 3543 ot
1337 3471 1464 3544 dicens:
1478 3503 1496 3539 s
1505 3472 1586 3556 Quis
1598 3485 1646 3544 est
1658 3472 1713 3544 ille
1726 3497 1822 3572 quem

250 3591 451 3692 desponsasti
470 3593 570 3664 mihil
587 3592 668 3675 Quis
686 3605 734 3664 est
751 3591 805 3662 ille
824 3593 915 3690 cujus
931 3619 986 3691 spe
1004 3591 1173 3664 detinuisti
1188 3591 1284 3664 met„
1302 3591 1480 3693 Respondit
1491 3593 1632 3666 loannes
1647 3592 1748 3665 turbis
1765 3592 1826 3664 ad·

251 3714 411 3786 stantibus
433 3713 565 3786 dicens:
586 3713 689 3786 ebcce
714 3714 748 3784 in
771 3711 879 3785 medio
903 3714 996 3785 vostri
1022 3726 1085 3785 stat
1107 3727 1139 3785 et
1163 3741 1228 3784 nen
1248 3714 1379 3786 novistis
1397 3713 1553 3787 illumlla
1572 3715 1661 3786 Tunc
1679 3713 1831 3787 Christus

252 3834 417 3907 descendit
432 3836 464 3906 in
480 3834 654 3907 Jordanem
673 3846 705 3906 et
722 3834 863 3906 Ioannes
884 3833 1069 3906 exclamavit
1089 3833 1222 3907 dicens:
1243 3834 1348 3908 abaco
1365 3835 1474 3934 rlgnus
1494 3836 1569 3918 bei,
1588 3835 1643 3907 ibe
1665 3835 1720 3934 qui
1743 3834 1827 3906 tellit

252 3969 443 4055 «praecatum
468 3956 644 4028 nundina
661 3955 709 4026 De
726 3955 782 4028 illo
804 3955 861 4028 tibi
881 3956 1086 4060 annuntiavi,
1105 3985 1124 4030 o
1140 3983 1275 4053 spensa,
1296 3957 1362 4030 lilia
1380 3957 1565 4030 Gentium⁶.
1586 3956 1668 4030 Huic
1688 3955 1826 4055 despen-

251 4078 317 4149 savi
337 4091 384 4161 to,
400 4105 418 4148 o
437 4091 545 4150 sancta
567 4075 718 4150 Ecclesia.
739 4077 829 4148 lllius
846 4077 880 4148 in
900 4103 957 4175 spe
978 4091 1008 4149 te
1032 4078 1191 4150 constitui.
1211 4077 1334 4149 Accede
1352 4078 1510 4178 illumque
1534 4105 1569 4150 er
1589 4077 1683 4176 aquis
1706 4077 1823 4176 recipe.

252 4197 357 4270 allece
370 4198 493 4296 dgnus
511 4199 608 4271 Dein
628 4197 656 4271 0
676 4198 758 4270 mira
780 4224 844 4281 res,
864 4196 1080 4282 dilectissimi,
1099 4199 1236 4270 scintilla
1259 4212 1307 4270 est
1328 4199 1362 4270 in
1391 4201 1490 4299 aqua!
1512 4199 1596 4296 ignis
1619 4199 1652 4270 in
1673 4197 1822 4270 llumine!

251 4319 381 4392 bamma
402 4320 565 4392 volutatur
588 4320 622 4392 in
648 4318 752 4392 unda!
772 4320 858 4391 Deus
882 4318 1007 4392 lavatur
1023 4320 1056 4390 in
1075 4320 1231 4392 Jordanel
1251 4311 1391 4392 Accessit
1410 4319 1512 4391 David
1531 4333 1563 4392 et
1585 4319 1697 4392 extulit
1716 4345 1824 4391 vocem

157 4505 160 4512 .
252 4467 325 4512 eum
345 4441 465 4514 cithara
484 4467 541 4512 sua
558 4468 565 4508 :
582 4440 766 4512 rViderunt
785 4453 814 4512 te
834 4467 942 4540 aquae,
960 4442 1061 4526 beus3
1076 4440 1225 4540 viderunt
1240 4454 1278 4513 te¹
1290 4469 1382 4542 aquae
1400 4455 1431 4514 et
1452 4441 1642 4513 timuerunt.
1658 4440 1825 4514 Dederunt

252 4589 386 4635 evocem
405 4563 475 4635 coeli
493 4561 708 4634 coelorum⁷.n
725 4562 808 4635 Cum
826 4563 913 4634 enim
933 4561 1012 4633 vidit
1036 4562 1185 4634 Iordanis
1205 4563 1391 4634 Creatorem
1413 4562 1553 4634 lentium
1573 4561 1823 4634 descendentem

253 4697 287 4756 ut
311 4683 345 4756 in
367 4712 405 4757 eo
429 4684 600 4768 lavaretur,
623 4683 731 4756 timuit
752 4697 784 4756 et
805 4684 889 4781 fugit
912 4696 1098 4757 retrorsum.
1124 4684 1268 4755 Surrexit
1293 4697 1400 4756 autem
1425 4683 1527 4756 David
1549 4683 1824 4782 interrogavitque

290 4853 355 4908 'De
377 4851 538 4926 insigni'boc
556 4851 710 4916 testimonio,
729 4850 786 4905 vide
807 4849 875 4924 qued
894 4850 1000 4904 diximus
1077 4851 1179 4904 ticorum
1211 4851 1293 4924 quarti
1322 4849 1413 4905 saculi.
1438 4849 1499 4906 Vide
1530 4849 1593 4904 infra
1628 4869 1697 4904 num.
1725 4849 1762 4904 Ψ.
1788 4879 1826 4890 -

251 4946 278 5000 in
300 4945 378 5021 prima
402 4953 484 5020 parte,
500 4945 590 5019 pagina
613 4943 677 5008 abe,
697 4952 754 4999 notu
776 4947 802 4998 5.
819 4943 922 5017 Reliqua
944 4962 1001 5017 pars
1074 4947 1084 4978 ²
1104 4942 1180 4998 dlotlt.
1193 4963 1236 5006 ru,
1254 4945 1362 4998 ala—³
1381 4941 1627 5006 lbid.rrv,15.-‘
1646 4941 1729 4998 lucan.
1746 4963 1768 5006 r,
1781 4945 1844 4998 ab..

252 5039 440 5095 bomiliaedeevt
458 5040 484 5093 in
499 5056 576 5113 greca
595 5036 715 5104 editione,
731 5036 773 5092 ubi
790 5037 916 5091 diversum
928 5037 1001 5110 plane
1075 5042 1135 5078 —⁵
1155 5035 1216 5092 lbr'd.
1237 5037 1589 5111 1,'ap.—⁶llicleginea
1609 5043 1690 5112 potest
1705 5035 1825 5099 lavania,

255 5141 346 5188 textum
366 5133 511 5208 reperimus
526 5129 688 5188 Diffitendnm
706 5139 824 5205 praterea
842 5149 892 5184 nou
912 5139 951 5185 est
970 5129 1002 5183 li-
1077 5137 1105 5186 ut
1130 5130 1205 5186 babet
1230 5129 1313 5186 ceder.
1341 5130 1424 5196 Unde,
1450 5130 1552 5184 mutatis
1577 5131 1688 5204 punctis,
1710 5137 1826 5204 putamus

255 5244 312 5280 nem
328 5225 521 5298 hujushomiliae
533 5243 583 5280 non
595 5243 668 5299 posse
685 5243 737 5280 esse
757 5223 834 5278 letum
851 5224 927 5278 ancti
943 5225 1002 5278 Gre
1077 5205 1157 5316 lltpil
1170 5243 1213 5280 sao
1230 5237 1311 5298 gauter
1329 5223 1471 5298 ponendum
1484 5243 1543 5280 esse.
1558 5255 1594 5266 -
1607 5227 1616 5258 ²
1629 5223 1718 5306 Paula.
1734 5242 1824 5287 aaran,

255 5319 331 5392 gorii,
347 5325 374 5372 ut
390 5318 467 5392 liquet
487 5337 514 5372 er
535 5319 660 5374 mentione
681 5318 729 5372 ln'i
749 5317 905 5392 aliorumque
926 5317 1003 5370 berre-
1080 5337 1121 5390 ¹7·
