3980 6084
482 562 683 631 SANCTUS
713 559 981 627 ntnxtnoan
1012 555 1369 626 anuxtnontnos
1640 557 1702 624 tet

137 721 292 792 «illorum
313 717 369 817 qui
387 743 461 788 com
478 741 515 787 eo
532 713 670 784 schisma
686 712 842 783 lecerunt.
863 711 977 782 Postea
996 721 1104 780 autem
1122 719 1294 780 tractatum
1309 719 1357 778 est
1372 706 1412 778 cle
1431 707 1455 778 F
1458 707 1510 779 ide
1535 706 1707 790 catholica,

138 865 297 940 «nempe,
314 837 479 938 quomodo
496 834 721 934 unusquisque
740 832 871 905 eredere
888 829 1020 912 debeat,
1041 843 1072 901 et
1089 841 1244 901 statutum
1263 842 1312 900 est
1328 827 1523 902 Genitricem
1543 828 1621 900 [tei1
1641 853 1711 900 esse

139 976 307 1034 «sanctam
324 958 529 1057 Virginem.»

189 1081 328 1154 Domino
347 1093 472 1160 nostro,
491 1076 624 1174 collegae
643 1087 769 1156 nostro,
787 1073 969 1173 animaeque
989 1085 1103 1144 nostrae
1122 1070 1326 1153 charissimo,
1345 1068 1492 1154 Meletio,
1512 1068 1710 1170 reliquisque

139 1203 286 1276 Ecclesia
304 1201 467 1273 catholicas
481 1196 655 1298 episcopis,
677 1193 869 1278 Alexander,
884 1193 918 1263 in
936 1193 1092 1275 Domino,
1109 1191 1245 1262 salutem
1256 1247 1368 1266 .....

775 1424 800 1496 l.
829 1451 900 1496 rosc
916 1429 1077 1496 rnrrrun‘2:

193 1607 287 1680 Recte
303 1607 468 1679 credentes
483 1604 515 1675 in
534 1604 662 1675 Patrem
682 1614 714 1673 et
732 1602 756 1672 F
758 1600 868 1684 ilium,
888 1601 970 1672 sicut
987 1627 1045 1672 nos
1063 1599 1237 1699 Scripturas
1253 1599 1384 1682 docent,
1404 1600 1597 1672 confitemur
1615 1599 1711 1670 etiam

141 1757 242 1801 unum
262 1727 416 1829 Spiritum
434 1727 605 1808 Sanctum,
625 1751 723 1794 unam
736 1721 907 1795 Ecclesiam
929 1720 1134 1804 catholicam,
1154 1721 1485 1820 resurrectionemque
1511 1733 1712 1792 mortuorum

142 1853 235 1949 cujus
251 1848 401 1948 primitiae
419 1847 480 1918 fnit
500 1845 659 1918 Dominus
679 1857 710 1916 et
728 1844 903 1916 vivificator
923 1853 1031 1914 noster
1046 1843 1137 1914 lesus
1156 1841 1313 1913 Christus.
1337 1841 1512 1942 Postquam
1535 1841 1638 1925 enim,
1658 1861 1732 1912 as-·

140 1985 267 2071 sumpto
286 1995 419 2070 corpore
437 1995 455 2038 a
470 1967 527 2039 Dei
543 1965 704 2039 Genitrice
722 1964 841 2049 llario,
860 1964 997 2037 venisset
1012 1963 1054 2036 ad
1069 1990 1171 2062 genus
1188 1963 1385 2048 humanum,
1407 1976 1554 2035 mortuus
1576 1976 1638 2045 est,
1657 1962 1714 2034 sed

141 2117 313 2188 resurgens
343 2117 361 2160 a
394 2087 527 2161 mortuis
550 2085 694 2159 ascendit
725 2086 758 2157 in
784 2085 900 2158 coelum
928 2085 985 2156 ubi
1012 2084 1103 2157 sedet
1130 2083 1172 2156 ad
1196 2083 1358 2156 dexteram
1387 2081 1562 2186 (paternae)
1595 2081 1715 2184 lllajes·

143 2213 253 2285 tatis³.
271 2266 304 2284 ..

194 2333 287 2405 Hac*
314 2331 431 2432 partim
456 2342 581 2402 tantum
607 2328 641 2400 in
660 2325 795 2430 epistola
820 2326 1011 2429 conscripsi,
1031 2325 1140 2398 omnia
1163 2339 1194 2398 et
1219 2323 1347 2424 singula
1366 2324 1552 2397 minutatim
1576 2326 1715 2398 scribere

143 2453 310 2534 omittens,
327 2451 403 2550 quia
421 2449 495 2522 nevi
511 2449 615 2522 zelum
636 2448 781 2521 divinum
800 2461 950 2521 vestrum.
973 2447 1048 2521 llaec
1070 2447 1257 2530 didicimus,
1277 2445 1346 2518 lraec
1365 2445 1623 2545 praedicavimus,
1647 2447 1715 2518 hec

144 2587 190 2646 est
210 2571 355 2646 doctrina
377 2569 552 2672 apostolica
575 2568 759 2644 Ecclesiae⁵.
776 2627 811 2646 ..
837 2569 957 2642 Verum
972 2568 1023 2641 his
1040 2567 1198 2642 adversati
1222 2580 1298 2639 sunt
1321 2566 1406 2651 Arii,
1426 2567 1645 2668 Achillcique⁰
1665 2593 1717 2638 sc-

145 2722 261 2794 quaces
279 2692 379 2794 etqui
402 2719 475 2765 cum
497 2693 544 2764 eis
564 2691 604 2762 ab
624 2690 763 2764 Ecclesia
790 2691 994 2774 defecerunt,
1015 2689 1171 2762 docentes
1196 2717 1267 2789 qaae
1288 2686 1400 2789 (197)
1420 2687 1572 2760 doctrinm
1601 2701 1716 2759 nostrae

144 2814 328 2887 ortlrodorae
347 2813 453 2884 aliena
469 2825 559 2896 sunt,
578 2812 661 2884 sicut
673 2812 787 2884 beatus
803 2810 924 2884 Paulus
938 2811 1034 2884 dicit:
1053 2811 1113 2884 oSi
1129 2810 1201 2910 quis
1221 2809 1310 2882 vobis
1326 2808 1588 2908 evangelizaverit
1602 2821 1717 2908 praeter
1808 2875 1810 2882 .

145 2935 204 3007 sid
221 2935 310 3036 quod
325 2934 507 3034 accepistis,
526 2931 699 3004 anathema
718 2933 815 3003 sit⁷.o
1273 2919 1276 2930 ’

773 3181 818 3254 ll.
848 3210 882 3254 ar
899 3187 1086 3254 rosrrnn⁸z

199 3360 320 3444 Etiam,
348 3360 430 3432 sieut
464 3361 525 3433 hoc
558 3358 709 3442 verbum,
739 3359 783 3432 ita
811 3372 842 3432 et
868 3359 988 3432 istud:
1022 3358 1084 3432 sln
1114 3358 1272 3460 principio
1306 3372 1375 3432 erat
1401 3359 1586 3432 Verbum⁰n
1614 3361 1718 3434 dene-

148 3496 295 3580 gant...
329 3507 435 3580 neque
460 3481 649 3553 «Christum
669 3481 728 3553 Dei
745 3481 961 3554 Virtutem¹⁰n
985 3492 1017 3553 et
1041 3479 1144 3552 Patris
1170 3479 1311 3552 Verbum
1337 3507 1405 3553 esse
1430 3481 1631 3582 Sapientiam
1656 3481 1718 3554 do-

149 3617 230 3676 cent.
249 3605 321 3676 Non
339 3602 475 3675 credunt
492 3603 588 3674 etiam
607 3603 711 3674 Deam
737 3629 883 3703 unquam
906 3603 1054 3701 genuisse
1078 3601 1279 3704 Sapientiam
1307 3615 1339 3674 et
1353 3600 1506 3676 Verbum.
1526 3603 1602 3674 Haec
1616 3585 1718 3702 'porro

150 3725 258 3796 omnia
279 3736 405 3798 tantum
423 3724 562 3821 cogitare
579 3725 749 3824 proprium
771 3738 819 3796 est
835 3725 951 3798 anime
973 3725 1063 3796 omni
1081 3723 1147 3796 lide
1170 3723 1331 3796 destitutae
1349 3722 1533 3824 Christique
1553 3722 1719 3824 discipulis

150 3858 318 3918 extraneae.
727 3939 730 3946 Ι

202 3965 404 4066 «Postquam
421 3965 473 4039 his
486 3965 748 4066 subscripsissent
764 3966 905 4067 episcopi
924 3967 1021 4040 totius
1037 3966 1181 4068 AEgypti,
1201 3964 1392 4052 Thebaida,
1413 3965 1539 4065 Libyae,
1558 3966 1722 4067 Pentapo-

151 4084 259 4171 sleos,
279 4086 435 4160 Locorum
449 4087 672 4189 superiorum,
693 4115 767 4160 cum
788 4088 945 4189 episcopis
964 4087 1133 4160 Palestinae
1151 4103 1183 4162 et
1199 4087 1341 4172 Arabiae,
1361 4088 1488 4160 Acbaiae
1512 4101 1544 4162 et
1562 4087 1719 4169 Thraciae,

152 4207 393 4309 «Hellesponti,
410 4209 492 4280 Asiae
511 4222 543 4282 et
563 4209 679 4293 Cariae,
707 4209 809 4308 Lyciae
832 4222 863 4282 et
880 4209 1002 4308 Lydiae,
1029 4209 1175 4308 Pbrygiae
1192 4223 1223 4282 et
1238 4207 1451 4310 Pamphyliae,
1469 4209 1601 4282 Galatia
1621 4223 1653 4284 et
1670 4209 1722 4282 Pi·

152 4329 283 4415 ssidiae,
299 4329 439 4402 Pontiet
456 4327 589 4431 (Ponti)
610 4329 846 4416 Polemoniaci,
868 4330 1079 4431 Cappadociae
1095 4343 1127 4403 et
1142 4331 1317 4414 Armeniae,
1341 4331 1599 4432 subscripserunt
1625 4331 1722 4404 etiarn

153 4450 405 4549 «Philogonius,
418 4451 587 4552 episcopus
605 4450 781 4524 Antiochiae
794 4453 828 4524 in
842 4452 952 4550 Syria,
964 4465 996 4524 et
1011 4479 1123 4524 ornnes
1139 4465 1283 4524 amantes
1295 4452 1355 4524 Dei
1372 4451 1514 4553 episcopi
1534 4451 1721 4534 orientales,

154 4570 435 4674 «Mesopotamia,
459 4571 610 4670 Augustas
629 4572 863 4674 Euphratesia,
882 4572 1019 4656 Cilicia,
1038 4573 1167 4646 lsnuriae
1183 4587 1215 4646 et
1232 4572 1441 4646 Phoenicia.»

205 4693 272 4790 Ego
293 4692 520 4790 philogonius,
545 4693 715 4794 episcopus
733 4693 880 4768 Ecclesiae
901 4693 1064 4768 catholica
1087 4694 1279 4778 Antiochiae,
1304 4695 1440 4767 maximo
1467 4694 1604 4768 laudans
1625 4693 1723 4768 fidem

192 4961 198 4991 ¹
214 4958 362 5032 Vapulautii
373 4959 640 5034 qoiaoeeruntbeatam
648 4961 753 5018 Mariam
762 4963 901 5036 Virginem,
976 4963 1023 5018 col.
1033 4963 1246 5034 569.=n⁰t3.-⁶
1259 4961 1463 5016 llicemittuntur
1471 4959 1724 5036 pnrrcaqnoedam.-

154 5050 187 5104 ad
199 5051 315 5106 naulum
330 5043 446 5125 quintum
456 5073 547 5128 usque,
562 5053 609 5108 oet
620 5055 758 5129 gemotoem
768 5059 903 5114 &eosdm
977 5059 987 5090 ⁶
1006 5055 1116 5112 Achilles
1135 5056 1173 5110 rel
1189 5054 1295 5110 Achilles
1313 5055 1451 5129 praecipuus
1472 5054 1565 5129 abique
1580 5057 1725 5110 nominatur

155 5161 207 5200 non
216 5142 291 5198 tutae
302 5153 420 5201 roceum.
431 5151 487 5188 —¹
505 5147 688 5220 Clrllpirtolom
697 5145 904 5202 adrllexandrum
978 5150 1043 5204 inter
1057 5149 1108 5204 Arii
1123 5155 1260 5204 sectatores.
1275 5150 1337 5188 —⁷
1356 5147 1437 5201 Galat.
1456 5167 1477 5210 ι,
1494 5167 1520 5221 9.
1533 5179 1570 5189 -
1584 5151 1594 5180 ⁸
1606 5148 1668 5212 Quas
1681 5167 1724 5202 se-

157 5235 455 5310 concameratam,
464 5238 553 5295 Pouet.
567 5240 611 5295 Gr.
622 5241 712 5304 xvssl.
722 5259 743 5294 c.
755 5243 823 5304 568.
832 5241 903 5296 C.-
978 5249 1091 5314 quantur
1101 5259 1179 5315 greca
1192 5259 1242 5296 non
1254 5249 1350 5296 emunt
1363 5242 1389 5297 ia
1402 5242 1504 5316 epistola
1515 5241 1547 5296 ad
1558 5243 1724 5298 Alexandrum

155 5335 165 5364 ³
182 5331 312 5385 Omittitnr
324 5330 381 5384 linis
397 5333 494 5386 numeri
508 5334 560 5388 xlt.
570 5365 607 5374 -
623 5336 633 5367 ¹
648 5332 739 5387 Potrol.
754 5333 798 5387 Gr.
810 5334 903 5399 VVlll,
978 5334 1722 5408 consentinopotirannm.-³tonna.1,1.-¹⁰1t'or.1,2t.
