3990 6092
674 470 875 593 SANCTUS
907 527 1204 596 llll'POLYTUS.
1653 531 1718 597 307

204 703 245 762 rr,
258 704 270 748 r
281 674 314 748 6.
340 674 642 774 «Surge¹,thuilo,
654 689 685 746 et
697 677 785 759 veni,
798 676 924 760 Auster,
939 676 1177 775 perllahortum
1186 703 1296 748 meum
1307 690 1338 748 et
1349 677 1601 750 liuentaromata
1611 707 1721 752 mea.»

151 798 269 899 Aquilo
293 797 454 894 significat
471 796 620 870 adversas
641 810 826 897 potestates.
850 800 964 871 Auster
985 811 1110 883 autem,
1133 798 1211 898 quia
1236 825 1364 898 semper
1386 799 1479 870 astris
1500 799 1635 899 stipatus
1657 815 1720 886 est,

152 917 307 1021 (indicat)
335 919 454 990 amicas
477 923 685 1018 potestatesl.
713 915 834 994 Hortus
857 932 905 992 εει
926 919 1065 993 Ecclesia
1089 933 1214 1004 sanctu,
1239 919 1421 1020 lluviusque
1444 935 1587 994 aromata
1612 923 1722 994 suavia

149 1041 372 1142 profundens³
387 1041 516 1139 signum
533 1053 582 1114 est
596 1041 736 1141 Spiritus
753 1042 874 1114 Sancti.

204 1189 232 1247 r,
254 1193 283 1234 1.
313 1160 683 1234 «Descendactditectus
701 1189 792 1234 meus
810 1163 843 1233 in
858 1162 989 1234 hortum
1005 1191 1099 1234 suum
1117 1174 1149 1235 et
1163 1161 1310 1234 comedat
1325 1164 1365 1236 de
1378 1165 1536 1238 fructibus
1549 1193 1720 1265 pomorum

151 1309 320 1356 «suorum.
331 1313 347 1352 s
359 1283 537 1356 Descensus
548 1281 759 1382 apparitionis
770 1283 830 1355 Dei
841 1282 938 1356 Verbi
949 1283 982 1355 in
994 1311 1088 1355 carne
1099 1282 1279 1382 symbolum
1295 1297 1352 1355 εει.
1368 1283 1488 1358 Hortus
1504 1299 1552 1358 εει
1564 1285 1719 1373 Ecclesia,

149 1403 279 1476 arbores
296 1402 328 1474 in
348 1402 403 1474 illo
422 1402 574 1502 plantatae
589 1417 665 1476 sunt
681 1402 797 1476 anima
816 1403 966 1475 burnanae
985 1418 1017 1476 ει
1032 1404 1153 1475 fruetus
1166 1417 1242 1474 sunt
1258 1403 1439 1476 voluntates
1456 1406 1597 1478 illarum.
1618 1410 1722 1480 abes·

149 1524 300 1596 scende⁵
316 1523 349 1594 in
366 1523 497 1596 hortum
519 1550 645 1608 meum,
665 1550 756 1596 soror
773 1550 846 1595 mea
862 1549 996 1624 sponsa,
1017 1523 1175 1597 descende
1194 1524 1228 1596 in
1240 1525 1378 1602 hortum
1398 1551 1525 1612 meum,
1545 1541 1632 1599 etun
1653 1527 1721 1600 hd-

148 1645 246 1716 mixta
269 1643 487 1716 aromatibus⁶
512 1645 643 1743 myrrha
667 1643 789 1716 indicat
810 1644 882 1716 illos
906 1644 1056 1746 quisunt
1076 1644 1182 1716 bonus
1205 1645 1285 1716 odor
1310 1646 1445 1726 Christi,
1470 1674 1530 1746 ope
1560 1648 1720 1720 bonorum

148 1792 294 1865 operum.
315 1764 412 1836 Panis
430 1791 503 1838 vero
526 1765 622 1837 melle
641 1764 790 1837 conditus
808 1764 967 1861 significat
990 1765 1207 1863 eleemosynas
1227 1766 1395 1864 preceptis
1415 1767 1531 1838 divinis
1546 1768 1718 1852 animatas,

148 1900 245 1986 atque
266 1886 397 1958 demum
420 1885 468 1958 loo
492 1885 588 1958 melle
612 1885 782 1982 irrigatum
808 1884 986 1983 juventutis
1012 1886 1249 1984 senectutisque
1266 1900 1370 1957 rectos
1391 1913 1498 1959 mores
1525 1889 1719 1962 manifestat.

149 1999 355 2088 «Comeditc,
380 2005 457 2078 socii
486 2006 567 2090 mei,
597 2005 698 2078 bibite
726 2019 758 2076 ει
780 1986 1015 2089 'enebriaminh
1040 2007 1154 2078 fratres
1176 2006 1300 2078 meib»
1321 2006 1432 2079 Socios
1461 2021 1492 2080 ει
1517 2008 1721 2083 charissimos

147 2145 239 2201 vocat
257 2139 382 2200 muetos
401 2126 579 2226 apostolos,
598 2126 736 2226 illosque
756 2127 959 2226 omnesqui,
978 2126 1143 2199 credentes
1166 2127 1201 2198 in
1219 2125 1399 2211 Christum,
1419 2127 1616 2201 voluntatem
1634 2129 1721 2202 illius

148 2261 334 2348 operantur.
354 2249 432 2324 Esca
450 2259 612 2348 potusque
628 2274 744 2346 corpus
762 2247 877 2320 Christi
897 2264 1020 2319 suntet
1038 2263 1167 2320 sanctus
1183 2247 1325 2344 sanguis.
1345 2248 1519 2325 Inebriatio
1541 2250 1721 2350 susceptio·
1756 2245 1759 2252 ’

150 2397 224 2444 nem
242 2369 352 2442 Sancti
366 2369 506 2469 Spiritus
520 2369 690 2467 significat.

203 2519 236 2564 o.
265 2491 358 2589 «Ego
373 2490 517 2579 dormio,
534 2505 566 2562 ει
581 2518 636 2562 cor
660 2516 770 2563 meum
788 2489 942 2588 vigilat,n
957 2491 992 2561 id
1008 2503 1071 2572 est,
1090 2490 1129 2562 iis
1145 2517 1216 2590 quia¹
1231 2505 1360 2563 terrena
1374 2505 1450 2563 sunt
1467 2491 1609 2575 dormio,
1626 2492 1722 2589 vigilo

150 2627 258 2686 atatem
274 2612 313 2685 iis
331 2639 403 2711 quoe
421 2639 562 2712 superna
581 2625 675 2695 sunt,
694 2638 752 2712 per
769 2639 885 2711 puram
906 2638 1100 2711 sursumque
1116 2638 1239 2684 versam
1259 2623 1410 2684 mentem.
1431 2612 1522 2684 sllox
1537 2613 1646 2685 dilecti
1658 2615 1723 2686 mei

151 2767 167 2803 a
175 2733 333 2834 pulsantis
341 2733 383 2804 ad
392 2747 517 2831 portam
529 2737 552 2803 ⁸.
564 2764 579 2800 o
593 2732 675 2804 Cum
689 2734 777 2804 enim
787 2733 934 2833 requiem
948 2733 1019 2804 auri
1030 2760 1094 2804 suae
1104 2733 1315 2832 praestitisset,
1327 2733 1471 2834 percepit
1482 2733 1578 2806 etiam
1589 2734 1721 2808 verbum

149 2855 237 2928 illius
257 2887 264 2926 :
285 2855 407 2954 «Aperi
424 2854 520 2936 mihi,
539 2880 630 2925 soror
646 2880 735 2934 mea,
756 2853 858 2925 vicina
876 2881 964 2937 mea,
983 2852 1131 2925 columba
1159 2880 1231 2925 mea
1250 2855 1433 2952 perfectam
1456 2869 1516 2926 etc.
1536 2855 1602 2938 Oui
1617 2856 1725 2954 pulsat

150 2975 192 3048 ad
208 2977 326 3049 ostium
338 2975 484 3048 Christus
499 2986 562 3058 est-3
579 2973 698 3044 ostium
712 3000 784 3045 vero
805 3000 895 3046 mens
909 2986 956 3044 est
970 2987 1073 3044 rectas
1088 2973 1298 3069 cogitationes
1311 2975 1494 3071 possidens,
1507 3002 1647 3075 quarum
1662 3003 1723 3076 ope

150 3096 249 3167 intrat
266 3109 298 3166 ει
314 3093 437 3166 habitat
453 3094 487 3163 in
506 3093 616 3164 anima
634 3088 827 3192 (Christus).
843 3091 995 3162 Sororem
1014 3091 1156 3162 animam
1174 3105 1264 3162 vocat
1282 3091 1426 3164 Christus
1444 3107 1478 3166 ut
1497 3093 1565 3166 haec
1584 3097 1724 3195 perlecto

150 3215 311 3290 desideret
326 3214 523 3286 voluntatem
539 3211 628 3283 illius
648 3209 835 3309 adimplere.
858 3210 1004 3280 Vicinam
1020 3209 1099 3281 dicit
1116 3237 1156 3281 ne
1174 3209 1258 3281 inter
1275 3211 1359 3283 hanc
1382 3225 1414 3284 et
1434 3212 1527 3285 illum
1547 3214 1725 3287 intercedat

150 3363 242 3436 sepes
266 3336 387 3434 aliqua.
407 3332 600 3406 Columbam
618 3344 650 3403 ει
670 3333 846 3432 perlectam
868 3330 1026 3430 appellat,
1043 3331 1119 3430 quia
1139 3331 1246 3402 anima
1269 3331 1412 3432 possidet
1432 3335 1669 3433 simplicitatem
1693 3350 1725 3408 ει

150 3457 335 3555 puritatem.
351 3455 414 3528 llos
430 3452 647 3528 estmedieine
660 3453 793 3525 animae:
811 3453 951 3525 cincinni
969 3452 1079 3552 sponsi
1096 3466 1172 3524 sunt
1184 3452 1364 3552 prophetie,
1385 3454 1521 3553 apostoli
1537 3470 1569 3527 et
1581 3456 1723 3552 Evange-

151 3578 239 3648 listae.
257 3577 323 3650 Nox
341 3589 449 3648 autem
466 3575 518 3647 hic
533 3575 671 3647 sumitur
685 3601 745 3673 pro
763 3587 855 3646 rectas
873 3573 915 3646 de
933 3587 1050 3645 natura
1066 3573 1146 3646 ὓείο
1161 3573 1301 3646 scientiae
1318 3573 1507 3673 privatione.

204 3700 237 3770 3.
267 3697 454 3798 sllxpoliavi
473 3723 525 3768 me
544 3696 652 3768 tunica
669 3723 758 3779 mea,
777 3695 942 3795 quomodo
960 3694 1078 3766 induar
1090 3693 1195 3766 illaln
1213 3737 1264 3750 --
1283 3693 1383 3767 abavi
1398 3695 1497 3795 pedes
1516 3723 1620 3781 meos,
1638 3725 1721 3798 quo·

151 3819 273 3892 amodo
296 3818 475 3919 inquinabo
493 3817 615 3889 iliosis
631 3817 792 3915 Eupoliavi
811 3843 862 3888 me
878 3815 1010 3887 homine
1028 3816 1180 3915 antiquo,
1200 3843 1307 3915 neque
1322 3816 1440 3888 iterum
1453 3816 1542 3889 illam
1563 3817 1720 3916 abjectam

148 3953 283 4025 vestem,
308 3967 407 4040 quam
432 3939 520 4022 exui,
543 3938 689 4010 induam.
712 3937 787 4010 Lavi
815 3937 914 4035 pedes
941 3963 1044 4019 meos,
1069 3962 1130 4035 ope
1149 3936 1364 4037 baptismatis,
1384 3964 1492 4037 neque
1511 3939 1628 4011 iterum
1651 3939 1720 4012 luto

149 4072 276 4134 terreno
288 4059 458 4132 maculabo
475 4059 559 4132 illos.

201 4183 234 4252 li.
264 4181 431 4253 «Dilectus
448 4207 539 4252 meus
549 4178 690 4250 extendit
702 4204 833 4248 manum
851 4203 942 4248 suam
959 4205 977 4248 a
993 4176 1151 4248 foramine
1164 4188 1195 4248 ει
1209 4176 1327 4248 viscera
1346 4205 1416 4249 mea
1434 4178 1475 4249 ad
1495 4191 1614 4250 tactum
1633 4177 1719 4280 (38)

148 4303 242 4400 «ejus
253 4304 493 4402 stupuerunt¹⁰.
504 4331 520 4368 n
531 4299 648 4372 Manus
658 4311 705 4370 est
715 4297 876 4380 Christus,
891 4296 1006 4368 domus
1016 4324 1115 4396 quam
1128 4297 1227 4368 intrat
1240 4310 1287 4368 est
1298 4296 1518 4372 habitaculum
1529 4299 1716 4383 hominum,

143 4424 178 4495 in
197 4423 287 4522 quod
309 4449 411 4522 quum
434 4421 585 4503 venisset,
609 4419 776 4491 intremuit
794 4432 909 4490 natura
933 4417 1093 4502 bumana,
1111 4417 1276 4490 admirans
1293 4419 1443 4492 virtutem
1471 4447 1543 4520 quae
1566 4420 1717 4520 operibus

144 4544 261 4617 divinis
278 4541 545 4616 manifestabatur
564 4541 597 4611 in
617 4567 722 4612 carne.

198 4668 232 4738 5.
261 4664 434 4749 «Surrenti,
448 4676 484 4735 ut
499 4661 658 4764 aperirem
674 4660 790 4732 dilecto
805 4687 895 4740 men:
915 4687 1030 4732 manus
1047 4663 1160 4731 ῐιιεε11
1179 4659 1379 4732 stillaverunt
1393 4661 1557 4760 myrrham
1574 4675 1605 4734 ει
1622 4661 1715 4760 digiti

181 4923 188 4955 ¹
208 4919 293 4976 Versio
306 4921 411 4994 simplex
428 4919 560 4994 Eorssfr'losx.
572 4951 611 4962 -
622 4923 632 4954 ¹
644 4919 692 4976 liic
705 4918 782 4974 codex
796 4919 893 4974 Vatica-
967 4921 1026 4962 -·⁸
1045 4917 1120 4972 vatic
1138 4935 1182 4972 seu
1200 4917 1218 4972 a
1233 4914 1348 4980 lum
1362 4921 1420 4960 -⁷
1439 4937 1482 4972 cxx
1494 4917 1587 4973 habant
1600 4917 1715 4988 ἄδιλφοι.

142 5031 191 5070 uus
211 5011 282 5068 addit
299 5011 418 5084 Spiritum
439 5011 554 5068 Seserem
575 5011 703 5088 signifieat,
724 5011 816 5066 Verum
839 5010 893 5064 hac
967 5010 1052 5064 Venio
1070 5009 1175 5083 simplex
1193 5009 1285 5074 Dodos',
1304 5010 1446 5064 charissimi,
1466 5013 1527 5054 -⁸
1546 5027 1589 5066 nu
1609 5015 1655 5066 sst-
1668 5017 1716 5076 sris

143 5106 171 5162 in
185 5106 253 5162 buno
268 5106 349 5160 locum
364 5107 510 5182 eampum·
527 5125 572 5181 per
588 5125 698 5162 esromae
715 5104 837 5160 videntur.
856 5135 893 5146 -
968 5105 1065 5178 θύραν.
1084 5103 1171 5158 Vorsio
1191 5102 1294 5176 simplex
1318 5101 1412 5158 omittit
1431 5104 1464 5158 od
1484 5116 1587 5178 portant
1609 5137 1648 5148 —
1666 5111 1676 5142 ⁸
1696 5108 1715 5162 B

144 5203 154 5233 ³
165 5198 224 5256 Cod.
236 5197 312 5254 Vatis.
323 5198 401 5254 omitt.
411 5201 510 5274 signum
518 5197 666 5274 sstSpin'trss
675 5196 825 5254 Sancti-⁴
836 5196 894 5250 vos
967 5193 1057 5258 1...ss
1065 5237 1071 5257 ,
1080 5195 1169 5250 disin
1180 5227 1218 5242 ·-
1227 5197 1246 5230 ¹⁶
1265 5195 1349 5252 Varsio
1360 5195 1464 5271 simplex
1479 5209 1593 5253 mos·
1604 5211 1668 5254 εκιι.
1678 5233 1716 5242 -

144 5293 181 5346 sio
193 5291 296 5366 simplex
308 5292 382 5346 mist
394 5299 436 5346 ειιι
448 5293 533 5346 mist.
543 5323 581 5334 -
594 5296 604 5327 ⁸
624 5291 708 5347 Versio
719 5289 821 5362 simplex
833 5289 892 5342 unt.
968 5292 984 5323 ¹¹
1006 5289 1089 5344 Ver-sio
1101 5287 1204 5362 simplex
1220 5306 1304 5342 moos
1319 5307 1370 5343 meo
1380 5291 1487 5345 sotheia

1514 5441 1561 5476 20.
