3982 6082
229 591 248 634 ι
842 565 1192 634 PROLEGOMEN‘A.

229 743 303 788 cum
319 715 489 787 continens
498 715 610 788 ambas
625 716 844 801 recensiones,
856 716 1079 790 Colhertinam
1098 745 1214 818 nempe
1229 731 1261 790 et
1273 717 1476 804 Vaticanum,
1488 747 1554 792 non
1570 721 1703 807 exstitit,
1717 696 1805 796 dilli-

229 837 293 911 cile
313 835 480 910 intellectu
503 849 551 910 est
574 865 717 939 quonam
740 838 837 910 modo
861 839 926 911 duo
949 841 1174 926 translatores,
1191 865 1344 912 armenus
1367 853 1398 914 ot
1420 839 1556 927 latinus,
1576 845 1806 946 unusquisque

229 958 486 1061 independenter
503 959 545 1031 ah
562 959 680 1044 altero,
700 959 876 1033 editionem
894 960 1089 1060 protulerint
1104 962 1138 1034 in
1156 962 1310 1036 omnibus
1328 989 1420 1062 paene
1436 977 1712 1039 consentaneam.-

965 1289 1041 1363 ,lv

281 1511 329 1584 De
349 1511 451 1583 sancti
466 1510 634 1611 Polycarpi
653 1511 945 1613 fragmentisque
962 1539 1093 1586 armeno
1111 1511 1160 1614 (p.
1178 1515 1199 1585 5
1220 1527 1250 1586 et
1268 1513 1354 1618 281)
1368 1530 1399 1588 et
1413 1517 1534 1616 syriace
1550 1515 1599 1618 (p.
1621 1518 1640 1589 5
1663 1531 1695 1590 et
1716 1517 1802 1620 uda)

228 1631 398 1705 retulimus
412 1632 460 1704 vix
478 1632 700 1706 disserendum
719 1632 812 1706 nohis
827 1647 889 1718 est,
907 1635 1062 1735 quoniam
1078 1635 1180 1708 sancti
1197 1637 1342 1736 martyris
1356 1638 1498 1738 epistolas
1517 1638 1558 1710 ad
1579 1637 1803 1740 Philippenses

228 1750 456 1828 authenticitas
475 1782 494 1826 a
518 1755 647 1826 nemine
664 1755 856 1855 denegatur,
877 1769 975 1857 atque
992 1757 1033 1829 de
1051 1755 1197 1856 ejusdem
1213 1770 1336 1842 tenore,
1354 1760 1438 1832 inter
1455 1759 1637 1832 christiane
1656 1760 1804 1861 antiqui-

228 1876 300 1948 tatis
319 1890 547 1961 monumenta,
564 1876 681 1948 criticis
696 1877 930 1950 recentioribus
948 1877 1069 1979 oppido
1088 1885 1244 1953 constet

1003 2207 1030 2277 V

279 2427 443 2514 Aristidis,
461 2428 647 2530 philosophi
670 2426 874 2500 Atheniensis
897 2441 994 2527 atque
1017 2427 1184 2500 christiani
1211 2430 1405 2530 apologetae,
1424 2457 1590 2506 sermones
1617 2434 1716 2519 duos,
1733 2446 1805 2533 post

228 2547 494 2636 Mechitaristas²,
520 2552 639 2622 iterum
664 2549 842 2634 edidimus3
864 2550 1067 2622 excitavimus
1092 2563 1201 2623 tamen
1224 2552 1441 2649 fragmentum
1464 2554 1499 2625 in
1528 2554 1638 2627 codice
1660 2554 1803 2654 quodam

227 2671 397 2771 parisiensi
416 2673 607 2772 allegatum,
633 2671 833 2771 latinamque
852 2671 1031 2744 versionem
1048 2671 1165 2772 prioris
1189 2672 1340 2745 editionis
1359 2674 1553 2774 pressiorem
1576 2674 1702 2747 cllicere
1717 2688 1804 2748 sate-

297 2819 346 2864 us.

228 2819 387 3013 811155ιι]“ιιε
413 2915 591 3015 scriptoris,
619 2941 717 3016 quern
748 2916 873 3018 antiqui
896 2915 1084 3016 frequenter
1112 2914 1263 3001 laudant,
1289 2915 1449 2989 Eusebius
1459 2919 1484 3000 ³,
1511 2915 1662 3016 inquam,
1690 2915 1805 2988 Hiero·

229 3042 380 3136 nymus⁴,
396 3037 466 3109 Ado
485 3050 517 3110 et
534 3037 716 3122 Usuardus,
736 3038 818 3112 nihil
840 3040 942 3112 ferme
963 3051 1076 3112 notum
1094 3051 1178 3123 crat,
1198 3050 1236 3110 ut
1252 3036 1373 3112 videbit
1390 3037 1528 3139 quisque
1544 3037 1695 3111 evolverit
1711 3064 1805 3136 egre-

229 3158 298 3254 gias
322 3157 525 3231 collectiones
551 3158 716 3246 Routhii⁵,
735 3160 828 3246 Maii,
855 3160 998 3259 hligne⁶,
1018 3160 1222 3261 aliorumque
1243 3159 1437 3260 scriptorum
1459 3173 1528 3232 tum
1553 3173 1711 3243 veterum,
1735 3173 1805 3232 tum

230 3278 446 3352 recentiorum
471 3280 512 3353 de
530 3281 710 3384 patrologia
735 3282 820 3355 hene
844 3283 1045 3356 meritorum.
1068 3281 1177 3366 Quare
1201 3281 1322 3354 mirum
1347 3307 1414 3354 non
1435 3295 1484 3354 est
1500 3281 1633 3354 Petrum
1655 3279 1807 3352 Mechita·

231 3401 382 3473 ristarum
403 3403 597 3502 opusculum
617 3430 691 3476 cum
715 3404 830 3476 ardore
852 3417 1054 3503 susceptum,
1072 3429 1090 3473 a
1108 3402 1209 3474 doctis
1228 3401 1351 3502 ubique
1373 3402 1439 3473 acri
1456 3402 1649 3501 minutoque
1670 3399 1805 3474 examini

231 3521 412 3622 subjectum
436 3524 545 3597 luisse.
565 3523 613 3598 lle
635 3551 673 3596 eo
698 3537 835 3622 egerunt
858 3523 887 3595 l.
905 3524 940 3595 B.
957 3523 1052 3594 Emin
1068 3522 1102 3593 in
1118 3521 1248 3605 Russia,
1266 3521 1310 3593 hl.
1328 3521 1394 3593 hue
1412 3535 1444 3593 et
1466 3521 1510 3592 hl.
1528 3523 1564 3593 L.
1576 3521 1757 3594 hlassehiau
1772 3520 1806 3594 in

231 3643 393 3732 Helvetia;
409 3645 555 3747 Himpcl,
570 3645 737 3718 Gebhardt
752 3657 783 3716 et
795 3643 943 3717 llarnacl
959 3643 993 3715 in
1004 3640 1494 3728 Germania;Baunard,llenan
1504 3640 1537 3711 in
1553 3638 1672 3724 Gallia,
1682 3655 1714 3713 et
1725 3669 1808 3741 prae-

101 3848 104 3858 f
232 3766 342 3837 sertim
354 3766 573 3851 ll.l)oulcet⁷,
584 3765 909 3866 qui‚authenticitate
921 3764 1092 3863 fragmenti
1109 3760 1699 3866 apologiaeoptimevindicute‚sagaci
1710 3762 1807 3835 simul

233 3900 265 3958 et
281 3884 366 3957 felici
384 3885 610 3986 disquisitione
632 3889 795 3973 instituta,
821 3887 975 3988 reliquias
993 3884 1139 3958 Aristidae
1160 3884 1296 3957 contulit
1321 3911 1393 3956 cum
1415 3883 1557 3985 antiquis
1580 3883 1807 3984 scriptoribus,

233 4005 370 4080 ethnicis
389 4019 423 4078 ut
442 4006 594 4092 Platone,
618 4007 837 4081 ecclesiasticis
854 4021 891 4081 ut
906 4007 1032 4081 lustina
1053 4019 1209 4106 martyre,
1229 4006 1394 4080 Clemente
1411 4005 1645 4090 Alexandrino,
1666 4005 1808 4078 hlinucio

234 4125 356 4211 Felice,
376 4127 596 4213 Tertulliano,
620 4142 718 4229 atque
738 4129 915 4228 praesertim
935 4155 1009 4202 cum
1032 4127 1170 4227 Epistoloe
1188 4126 1229 4198 ud
1250 4126 1422 4226 Diognetem
1444 4126 1556 4226 ignoto
1580 4140 1723 4200 auctore.
1745 4125 1809 4197 Nec

233 4248 407 4322 tacendum
430 4263 478 4324 est
503 4249 622 4324 eruditi
645 4250 808 4351 scriptoris
829 4249 1068 4334 conclusiones,
1088 4251 1179 4350 juxta
1209 4275 1305 4351 quas,
1325 4249 1467 4350 epistolae
1490 4264 1522 4323 et
1544 4248 1701 4350 apologiae
1723 4273 1810 4318 unus

234 4383 332 4470 atque
352 4370 439 4444 idem
457 4371 594 4471 scriptor
610 4385 724 4444 auctor
741 4385 839 4457 esset,
861 4398 994 4472 nempe,
1013 4370 1184 4456 Aristides,
1202 4369 1295 4444 nohis
1314 4371 1414 4444 videri
1431 4369 1608 4444 admodum
1625 4366 1810 4469 prohabiles

233 4503 331 4590 atque
344 4491 548 4566 validissimis
564 4491 690 4563 innixas
706 4492 856 4578 criteriis,
869 4491 1073 4593 potissimum
1086 4468 1460 4566 internisllhservamus
1471 4492 1569 4563 etiam
1578 4490 1677 4587 hujus
1690 4500 1721 4560 et
1731 4486 1812 4556 alio-

233 4637 308 4683 rum
325 4640 496 4688 censorum
515 4614 733 4712 conjecturam
755 4614 796 4686 de
814 4614 875 4686 dea
897 4613 993 4700 llhcu,
1020 4615 1111 4714 cujus
1135 4641 1255 4688 nomen
1278 4612 1454 4714 legendum
1472 4625 1555 4685 esset
1573 4610 1643 4682 loco
1669 4605 1810 4679 nominis

273 4905 280 4937 ¹
300 4903 330 4958 T.
345 4903 428 4970 Zehn,
444 4903 536 4980 Ignatii
552 4915 575 4959 et
593 4903 720 4978 Polyme-pi
738 4905 858 4980 epistole,
868 4906 988 4978 omrtyrs'u
1100 4904 1111 4936 ⁸
1131 4899 1209 4974 Epor.
1220 4899 1257 4955 83
1270 4899 1303 4954 ud
1314 4897 1440 4971 Magnum.
1453 4925 1493 4939 -
1505 4893 1616 4965 Cutelog.
1631 4909 1685 4964 cep-
1697 4907 1734 4946 xx.

234 5009 257 5051 et
273 4998 418 5071 fragmenta
439 4999 556 5070 (Petrum
582 4999 773 5072 apostolicorum
796 4999 930 5073 fasciculus¹
953 5017 986 5064 n,
1100 4999 1110 5027 ⁸
1128 4993 1344 5068 deliquissem,
1358 4997 1420 5044 tom.
1436 4989 1461 5052 l,
1474 5005 1499 5060 p.
1513 5003 1558 5057 77,
1571 4985 1615 5056 78.

240 5090 335 5164 187fil·
1099 5092 1109 5122 ⁸
1129 5087 1219 5141 Petrol.
1229 5103 1306 5159 grec.
1320 5091 1380 5138 tom.
1394 5081 1422 5142 v,
1439 5079 1519 5149 1267,
1536 5077 1617 5131 roos.

272 5186 283 5218 ¹
300 5183 384 5238 Savvcti
399 5181 528 5249 Aristidis,
544 5185 679 5259 philesophi
693 5185 855 5251 Atheniensis,
870 5205 987 5242 semones
1100 5183 1110 5213 ⁷
1130 5179 1205 5234 lleoue
1216 5175 1387 5250 desperantium
1399 5171 1553 5244 tuumque,
1566 5167 1665 5224 ⁰0wa
1684 5171 1763 5224 ¹8⁸⁰·
1776 5201 1813 5211 -

236 5278 284 5330 dvo
299 5277 434 5348 (leuntiis,
450 5277 477 5332 in
490 5279 640 5335 monasterio
653 5279 679 5334 S.
693 5279 791 5344 Lauri,
809 5283 903 5354 1878).
1063 5267 1301 5327 crreuamnmta
1311 5267 1340 5320 de
1346 5261 1646 5338 phvlcsophuchre'timae,
1656 5281 1723 5318 mers
1734 5261 1813 5325 1881,

274 5373 285 5404 ³
304 5368 395 5426 llutos.
410 5371 567 5428 mehemeth
581 5372 685 5450 lump.
700 5393 738 5430 ιιι.
1063 5385 1088 5440 p.
1107 5363 1169 5417 555.
