4006 6098
236 549 303 616 370
586 545 759 632 pareunt
790 544 1190 612 turuutcrsttouttu
1220 543 1457 612 Antenori.

235 697 391 798 quoniam
408 694 642 769 immutabilem
663 722 734 767 eam
756 721 824 766 esse
841 693 983 767 ostendit
997 706 1112 766 netum
1128 719 1185 765 sua
1201 693 1325 779 divina,
1345 693 1505 793 siquidem
1520 693 1619 777 ictus,
1638 695 1804 795 praecisio-

236 844 309 900 nes,
326 817 488 916 corruptio
514 829 545 888 et
565 813 659 888 dolor
674 842 845 916 nunquam
870 816 938 888 Deo
961 841 1076 888 nocere
1103 829 1250 916 possunt.
1266 814 1347 897 Qun
1366 816 1453 888 enirn
1473 811 1716 914 a'passionibus
1730 817 1805 889 uin-

234 952 396 1012 cunturet
414 965 432 1010 a
450 936 657 1036 corruptione
673 951 854 1020 mutantur,
872 936 924 1008 bis
939 963 1006 1008 esse
1022 937 1187 1036 passiones
1207 949 1333 1036 oportet
1357 936 1474 1010 dicere.
1495 935 1574 1018 Oua
1595 951 1703 1010 autern
1722 965 1805 1036 pue-

234 1061 331 1133 stanti
347 1058 505 1158 snpientia
530 1059 590 1130 Dei
605 1059 854 1156 admirabilique
880 1059 1057 1130 ceconom'ia
1082 1056 1291 1156 providentiae
1313 1056 1428 1130 divinas
1457 1058 1555 1142 bunt,
1577 1071 1613 1130 ut
1639 1059 1805 1157 passiones

234 1181 294 1253 Dei
310 1179 461 1252 habenda
477 1207 543 1252 non
559 1194 651 1264 sunt,
663 1181 739 1278 quia
756 1178 838 1251 nihil
853 1178 1036 1279 passionem
1049 1179 1233 1278 producens
1250 1179 1350 1250 iubis
1367 1178 1538 1278 reperitur,
1549 1178 1592 1251 ob
1605 1179 1665 1251 Dei
1680 1193 1804 1252 nature

232 1301 538 1403 impassibilitatem.
556 1299 663 1401 (11⁸2)
679 1301 954 1399 Quotiescumque
975 1300 1139 1372 {lammam
1156 1299 1240 1396 ignis
1261 1300 1496 1372 transverberat
1515 1300 1616 1386 ensis,
1630 1299 1722 1372 toties
1738 1301 1802 1374 ictu

233 1451 292 1496 suo
308 1451 375 1496 non
393 1435 546 1522 operatur
557 1423 759 1506 scissionem,
771 1423 896 1495 etiamsi
910 1449 1026 1522 corpus
1042 1450 1101 1522 per
1117 1449 1233 1520 corpus
1248 1435 1400 1494 transeat.
1421 1422 1456 1493 Si
1473 1422 1572 1520 igitur
1586 1421 1803 1520 quorumdam

233 1571 405 1644 corporum
422 1543 621 1642 corruptioni
639 1543 857 1641 subjectorum
871 1543 1207 1644 incomprehensibilis
1222 1544 1264 1615 sit
1277 1543 1437 1642 precisio,
1459 1543 1535 1642 quia
1552 1542 1637 1640 ignis
1652 1542 1804 1614 substan-

234 1666 278 1738 tia
296 1693 422 1766 semper
441 1664 554 1736 eadem
575 1679 744 1765 permanet
766 1677 798 1737 et
815 1665 1035 1764 praecisionem
1053 1692 1222 1764 nunquam
1238 1665 1362 1764 patitur
1378 1691 1453 1737 curn
1470 1665 1570 1736 ictum
1588 1663 1665 1736 lerri
1686 1663 1803 1736 imme·

233 1785 319 1859 diate
332 1787 549 1886 subsequatur
566 1785 702 1858 cohaesio
717 1830 769 1840 -
789 1785 948 1857 subtilitas
967 1786 1053 1857 enirn
1071 1786 1155 1882 ignis
1168 1786 1355 1858 scissionem
1373 1785 1406 1857 in
1429 1785 1499 1885 ipso
1514 1811 1718 1884 perseverare
1735 1809 1800 1855 non

231 1907 323 1989 sinit,
343 1907 440 1980 etium
458 1935 531 1979 cum
548 1907 631 1980 [οπο
646 1906 882 2006 praescinditur,
902 1907 976 2006 quia
996 1905 1142 2006 undique
1163 1907 1278 1979 robore
1296 1907 1476 2004 accingitur
1491 1919 1523 1978 et
1540 1933 1576 1977 er
1595 1931 1802 2005 quacumque

229 2022 324 2129 perte
340 2029 422 2101 lerro
436 2030 643 2126 transligatur
657 2027 847 2128 sibimetipsi
859 2027 1002 2100 adheret
1012 2026 1142 2100 [lamma
1158 2055 1326 2128 nunquam
1340 2028 1491 2126 precisa3
1502 2052 1674 2126 -porro‚
1689 2026 1717 2098 si
1728 2053 1802 2098 cor-

231 2150 319 2250 poris
336 2150 514 2247 tengibilis,
528 2150 611 2247 ignis
627 2149 789 2232 uidelicet,
806 2148 1026 2220 inscrutabilis
1041 2161 1073 2220 et
1090 2148 1425 2248 incomprehensibilis
1440 2149 1482 2220 sit
1498 2147 1661 2247 precisio,
1679 2159 1801 2245 (quanto

230 2270 334 2368 magis
357 2269 390 2342 id
412 2270 453 2342 de
476 2282 549 2342 ente
571 2269 772 2352 beatissimo,
795 2297 813 2340 a
834 2269 1040 2368 corruptione
1064 2283 1203 2354 remoto,
1225 2296 1359 2368 corpora
1382 2267 1565 2368 passibilia,
1583 2267 1670 2339 entia
1691 2281 1724 2340 et
1746 2295 1802 2340 na-

232 2404 320 2464 turas
342 2403 532 2491 superante,
550 2388 702 2462 omnibus
727 2389 942 2462 intellectibus
968 2390 1147 2475 excelsiori,
1175 2404 1303 2490 oportet
1326 2390 1433 2462 dicere
1455 2389 1537 2462 illud
1563 2415 1691 2487 semper
1715 2388 1802 2461 idern

231 2539 434 2612 perseverare
447 2512 479 2584 in
493 2511 696 2611 passionibus
712 2511 793 2594 suis,
808 2510 985 2611 praesertim
998 2538 1072 2583 cum
1088 2511 1188 2610 ipsius
1201 2510 1409 2612 impassibilis
1422 2523 1554 2593 nature,
1567 2509 1801 2582 commiscendo

231 2659 265 2704 se
291 2633 513 2732 passionibus,
539 2631 580 2704 ab
607 2631 670 2704 illis
698 2631 787 2704 nullo
818 2631 915 2705 modo
943 2633 1131 2732 attingatur.
1157 2631 1456 2732 lnapprebensibile
1483 2631 1704 2731 inuictumque
1729 2659 1801 2704 ma-

231 2780 314 2826 nens
335 2753 481 2853 increpat
503 2753 668 2852 passiones
691 2752 948 2852 impassibilitate
970 2782 1028 2825 sua
1047 2752 1123 2856 (ens
1142 2750 1397 2854 beatissimum),
1415 2754 1460 2825 ita
1479 2766 1516 2825 ut
1535 2753 1611 2824 lerri
1637 2765 1801 2824 tentameu

110 2933 111 2936 η
232 2874 365 2948 subiens
387 2885 464 2946 tuno
486 2873 619 2946 omnino
636 2873 786 2947 uirtutem
806 2901 898 2946 suern
920 2873 1086 2959 ostendat,
1102 2901 1310 2973 perseverans
1335 2874 1490 2946 intactum
1513 2874 1554 2946 ab
1578 2873 1648 2945 ille.
1670 2872 1805 2946 Deitatis

234 2995 321 3066 enim
341 2993 484 3079 claritas,
501 2994 717 3095 prescientia,
734 2995 894 3066 subtilitas
912 2994 1265 3094 incomprehensibilis,
1282 3020 1347 3066 non
1364 2993 1470 3066 solum
1486 3021 1505 3066 a
1522 2993 1713 3094 corporibus
1732 3020 1804 3093 quae

233 3114 297 3188 illis
310 3114 532 3199 admoventur,
547 3128 583 3187 ut
597 3141 651 3188 eas
667 3114 900 3215 praescindant,
915 3143 980 3189 non
993 3116 1264 3214 praescinduntur,
1281 3115 1358 3215 quie
1372 3115 1559 3188 excelsiores
1575 3130 1608 3188 et
1622 3115 1804 3215 superiores

231 3251 309 3311 sunt
325 3236 526 3337 quibuslibet
547 3235 752 3335 corporibus,
772 3265 882 3309 uerum
904 3235 1075 3337 prascindi
1096 3237 1293 3310 affirmamus
1310 3263 1446 3336 corpora
1463 3236 1519 3308 illa
1534 3265 1607 3336 quae
1625 3235 1739 3309 uolunt
1752 3247 1804 3308 at-

231 3360 357 3457 tingere
375 3372 407 3431 et
423 3358 636 3458 praescindere
654 3357 877 3440 Divinitatem,
895 3386 967 3458 quae
991 3385 1058 3429 non
1079 3358 1318 3457 praescinditur,
1339 3370 1371 3431 et
1390 3357 1601 3430 subtilitatem
1625 3370 1748 3431 nature.
1772 3371 1805 3430 et

196 3499 202 3514 ·
231 3481 406 3582 puritatem
424 3479 571 3552 essentie
587 3505 664 3552 sure.
679 3479 750 3578 lpse
766 3492 874 3550 autem
887 3479 1079 3580 (Divinitas)
1094 3479 1202 3551 omnia
1222 3506 1356 3579 corpora
1374 3479 1546 3579 pertransit
1563 3493 1595 3551 et
1611 3480 1645 3551 in
1664 3479 1710 3552 eis
1724 3479 1803 3550 scis-

232 3602 357 3674 sionem
375 3614 539 3700 operatur,
555 3600 710 3700 quonium
728 3600 794 3672 Deo
812 3599 905 3672 facile
922 3613 970 3672 est
986 3600 1097 3672 omnia
1112 3627 1245 3700 corpora
1261 3599 1486 3700 prescindere.

285 3841 321 3916 ll.
352 3842 410 3915 llis
432 3842 532 3940 igitur
555 3840 727 3927 absolutis,
751 3842 794 3914 ite
818 3841 1048 3915 concludamus
1070 3856 1212 3943 oportet,
1238 3870 1371 3944 nempe,
1390 3843 1572 3916 Divinitatis
1593 3842 1628 3914 in
1652 3843 1802 3942 passione

235 3963 423 4064 apparuisse
452 3961 760 4061 impassibilitatem,
786 3963 1016 4064 sapientiaque
1047 3964 1116 4064 ejus
1141 3964 1288 4037 virtutem
1320 3965 1472 4037 omnibus
1499 3963 1605 4036 modis
1633 3964 1802 4063 probatam

232 4081 348 4168 luisse,
368 4083 535 4184 passiones
556 4083 653 4155 etiam
680 4082 862 4156 subeundo.
883 4083 930 4156 Ne
949 4084 1075 4168 credas,
1098 4085 1260 4158 carissime
1278 4085 1504 4185 Theopompe,
1528 4084 1595 4156 enti
1617 4083 1801 4156 beatissimo

233 4205 431 4305 impossibile
456 4230 524 4276 esse
550 4203 659 4276 onmia
681 4230 815 4304 corpora
843 4231 916 4304 qua
943 4206 1106 4304 passiones
1134 4204 1286 4303 inlligunt
1311 4205 1522 4306 pertransire,
1544 4231 1616 4276 cum
1636 4203 1801 4276 videamus

233 4324 357 4400 lucidos
372 4325 448 4397 solis
471 4324 580 4397 radios
595 4325 760 4424 speculum
784 4313 902 4424 purum
923 4327 1133 4424 pertransire,
1154 4340 1186 4399 ct
1207 4354 1341 4428 corporo
1359 4321 1644 4399 nuturu'dissimili
1665 4325 1800 4424 predita

233 4445 324 4520 nullo
344 4446 439 4519 modo
462 4445 634 4546 praepediri
650 4447 730 4546 quin
752 4447 814 4520 alia
840 4474 899 4546 per
924 4447 987 4519 alia
1009 4448 1170 4521 subtiliter
1189 4463 1363 4522 transeunt.
1379 4448 1491 4548 Atqui,
1506 4447 1535 4520 si
1561 4447 1695 4520 materia
1717 4446 1801 4520 entis

233 4567 365 4641 alterius
385 4566 551 4639 materiam
574 4593 640 4639 non
665 4565 816 4666 prohibet
840 4568 1025 4668 peripsum
1049 4570 1200 4654 transire,
1218 4569 1259 4641 ob
1281 4569 1492 4642 subtilitatem
1508 4595 1618 4653 suam,
1635 4566 1799 4668 quomodo

231 4688 444 4761 substantiam
462 4686 620 4772 diuinam,
644 4688 796 4761 omnibus
815 4687 1016 4762 excelsiorem
1041 4703 1138 4789 atque
1158 4690 1372 4790 superiorem,
1391 4689 1577 4762 subtilitatis
1596 4716 1662 4761 sure
1684 4689 1800 4762 uirtute

231 4808 341 4884 omnia
366 4833 516 4908 corpora,
535 4833 607 4906 quae
631 4808 661 4879 ei
683 4823 870 4893 occurrunt,
893 4809 1029 4882 transire
1052 4810 1174 4911 absque
1197 4809 1362 4884 obstaculo
1390 4837 1456 4883 non
1481 4809 1695 4882 concedemus
1720 4809 1800 4908 quin

231 4929 299 5003 ullo
324 4928 421 5003 modo
445 4928 599 5002 Divinitas
619 4956 639 5000 a
659 4929 863 5028 passionibus
880 4927 983 5032 (113)
1003 4931 1166 5032 patiatur?
1188 4933 1306 5005 Notum
1332 4945 1380 5004 ost
1401 4931 1489 5004 enim
1513 4945 1662 5004 naturam
1680 4927 1801 5032 (entis)

229 5049 406 5128 beatissimi
433 5063 465 5123 et
490 5049 743 5149 incorruptibilis
765 5077 891 5150 semper
914 5078 1081 5125 remanere
1108 5052 1267 5125 camdem.
1291 5052 1328 5125 ln
1342 5053 1423 5138 -illa,
1447 5079 1545 5153 quam
1572 5051 1757 5134 attulimus,
1780 5077 1798 5121 ο

229 5172 329 5246 radiis
350 5171 426 5246 solis
447 5171 673 5254 similitudine,
695 5171 764 5271 ipsu
786 5171 840 5243 lux
865 5172 979 5246 eadem
1000 5187 1162 5261 remanet,
1180 5173 1271 5250 nullo
1290 5175 1388 5248 modo
1408 5175 1595 5258 imminuto,
1612 5171 1736 5246 etiamsi
1755 5171 1796 5244 de

229 5291 401 5390 splendore
418 5319 477 5365 suo
493 5293 615 5365 tribuat
631 5291 863 5389 indigentibus.
876 5293 1006 5376 Quanto
1023 5295 1124 5392 magis
1139 5323 1197 5368 ens
1213 5296 1436 5370 beatissimum
1457 5295 1608 5369 omnibus
1625 5293 1795 5376 excelsius,
