4006 6098
497 473 700 560 srn'crus
730 493 997 562 cassamus
1026 492 1405 564 cursuscursus.
1671 497 1736 566 ssa

163 642 303 716 salutem
320 640 397 714 inde
419 655 641 726 consecutam,
660 667 768 743 neque
790 668 865 714 eum
883 641 1042 741 dignitate
1059 642 1213 716 excidisse
1234 643 1406 728 sentimus,
1420 643 1551 745 quando
1571 646 1664 719 illum
1686 646 1739 720 fa-

164 764 245 838 muli
262 763 365 836 officio
381 776 496 862 sponte
519 789 576 835 sua
594 764 785 861 fungentem
800 763 956 836 videmus.
971 764 1112 837 Peractis
1133 765 1220 836 enim
1236 764 1334 837 rebus
1351 791 1432 865 quas
1454 765 1502 838 illi
1519 767 1739 868 exsequendas

164 884 322 958 suadebat
347 909 398 956 ars
422 883 564 968 medica,
583 897 659 956 tunc
687 885 830 986 priorem
855 884 948 956 laetus
971 897 1143 986 recuperat
1166 885 1374 984 dignitatem,
1389 885 1540 987 salusque
1561 915 1737 987 aegrorum,

165 1034 264 1107 qnam
288 1004 417 1089 avebat,
443 1003 536 1076 illum
557 1003 678 1104 gaudio
700 1004 775 1106 plus
803 1005 900 1078 afficit
926 1033 1024 1107 quam
1049 1007 1244 1106 honorque
1268 1007 1359 1109 prius
1381 1006 1560 1081 fruebatur.
1578 1009 1738 1083 Caeterum

166 1126 255 1199 nihil.
276 1125 400 1210 amisit,
423 1124 518 1209 duna,
542 1124 696 1198 inclinato
721 1124 872 1199 deorsum
895 1127 1014 1227 capite,
1035 1126 1210 1200 famulatus
1234 1127 1471 1228 eleemosynam
1494 1129 1630 1202 contulit
1654 1157 1740 1228 aegra

165 1246 311 1320 sanando
332 1273 478 1348 corpora.
492 1246 629 1319 Noverat
643 1246 730 1320 enirn
755 1247 923 1349 opprobrii
940 1247 1120 1348 quidquam
1137 1249 1294 1350 tantisper
1311 1249 1519 1322 subeundum
1538 1249 1599 1323 sibi
1617 1278 1685 1324 esse
1704 1265 1741 1324 ut

165 1367 302 1442 salutem
325 1367 417 1465 aegris
439 1365 640 1451 refunderet,
661 1366 748 1441 unde
774 1368 948 1470 opprobrio
971 1368 1068 1468 longe
1091 1369 1247 1470 majorem
1270 1370 1407 1468 gloriam
1431 1383 1513 1443 esset
1536 1384 1738 1473 accepturus.

166 1490 275 1573 Quare
290 1488 389 1587 igitur
408 1516 474 1561 non
493 1488 675 1563 diceremus
693 1488 733 1562 de
749 1489 805 1562 illo
822 1491 879 1590 qui
895 1491 984 1563 solus
1003 1489 1109 1562 bonus
1127 1505 1191 1577 est,
1207 1491 1330 1593 quique
1348 1504 1397 1563 cst
1408 1519 1497 1564 vanas
1517 1492 1627 1592 gloriae
1646 1520 1741 1594 supe·

165 1609 243 1694 rior,
262 1609 437 1710 opprobrio
460 1624 645 1696 extraneus,
663 1610 871 1711 impassibilis
888 1613 922 1684 in
940 1611 1163 1713 passionibus,
1183 1612 1334 1685 omnibus
1353 1613 1515 1698 excelsior,
1534 1613 1568 1686 in
1593 1614 1741 1714 impassi-

166 1729 290 1802 bilitate
308 1757 366 1802 sua
382 1758 479 1831 super
501 1733 667 1831 passiones
688 1746 849 1833 sceptrum
869 1731 997 1817 tulisse,
1016 1760 1090 1804 cum
1112 1733 1261 1833 passione
1287 1761 1345 1804 sua
1368 1761 1421 1805 eas
1439 1735 1508 1833 pati
1532 1734 1663 1807 leceritl
1678 1734 1742 1807 lm·

165 1851 327 1950 passibilis
346 1851 432 1924 enim
449 1852 638 1953 passionum
656 1852 718 1925 luit
734 1854 858 1953 passio,
875 1853 939 1926 illis
958 1880 1018 1954 per
1034 1853 1219 1953 passionem
1238 1881 1330 1926 suam
1346 1855 1531 1954 passionem
1553 1854 1741 1940 inferendo,

166 1971 522 2074 impassibilitatemque
537 2000 630 2044 suam
645 1973 678 2045 in
696 1975 846 2074 passione
862 2001 921 2048 sua
939 1973 1152 2047 ostendendo.
1167 1972 1263 2057 Quod
1280 1974 1367 2047 enim
1382 1989 1559 2076 operantur
1575 1976 1742 2076 passiones

167 2119 243 2192 erga
262 2093 446 2193 passibiles,
463 2092 549 2166 idem
573 2094 641 2194 ipss
663 2094 873 2196 lmpassibilis
896 2107 1050 2195 operatus
1075 2094 1178 2168 estin
1203 2096 1353 2195 passione
1375 2123 1433 2168 sua
1457 2123 1533 2194 erga
1558 2096 1741 2198 passiones,

167 2213 239 2314 qui,
259 2213 515 2314 impassibilitate
537 2242 613 2299 sua,
633 2216 821 2316 passionum
836 2216 942 2316 passio
963 2216 1090 2288 exstitit.
1110 2215 1219 2298 Quum
1245 2217 1344 2315 igitur
1365 2216 1548 2318 passiones,
1567 2217 1602 2289 iu
1625 2244 1742 2317 opera-

168 2336 255 2407 tione
272 2361 348 2420 sua,
364 2334 502 2408 devictas
513 2336 618 2409 luisse
636 2336 850 2421 affirmamus,
867 2363 903 2410 ex
921 2363 958 2408 eo
979 2335 1069 2436 quod
1088 2335 1298 2436 lmpassibilis
1318 2363 1429 2409 earum
1447 2337 1606 2438 particeps
1624 2337 1741 2426 suerit,

168 2454 247 2557 quid
263 2455 353 2529 aliud
370 2454 506 2529 dicimus
523 2457 585 2529 nisi
604 2457 696 2530 illum
712 2457 899 2558 passionum
917 2456 1099 2557 passionem
1116 2455 1238 2530 fuisse?
1256 2457 1292 2529 si
1309 2457 1396 2529 enim
1415 2456 1545 2530 adamas
1561 2456 1647 2531 ferro
1666 2486 1740 2560 per-

168 2604 278 2650 cussus
296 2605 360 2650 non
382 2579 504 2679 patitur
522 2605 558 2650 ox
577 2579 800 2678 percussione,
821 2578 879 2652 sed
902 2605 938 2652 er
956 2578 1088 2651 adverso
1111 2577 1336 2679 impassibilis,
1355 2592 1391 2650 ut
1410 2593 1494 2660 erat,
1513 2593 1675 2665 remanet,
1694 2579 1740 2652 ita

173 2711 209 2770 ut
221 2698 262 2770 ad
275 2725 496 2800 percussorem
508 2696 620 2772 redeat
628 2700 845 2799 percussionis
859 2701 957 2784 ictus,
973 2726 1011 2772 eo
1029 2698 1121 2798 quod
1134 2697 1266 2771 adamas
1282 2712 1398 2772 natura
1412 2697 1618 2800 impassibilis
1631 2700 1744 2773 existat

172 2834 268 2920 atque
288 2819 349 2892 sub
369 2820 517 2919 passione
536 2847 601 2892 non
620 2821 728 2904 cadat,
748 2821 912 2920 quomodo
936 2848 1002 2893 uon
1024 2818 1170 2893 dicamus
1188 2820 1423 2921 lmpassibilem
1443 2820 1542 2894 luisse
1561 2821 1746 2920 passionem

171 2940 397 3040 passionibus?
412 2940 477 3023 Qui
490 2941 577 3013 eninr
597 2940 796 3040 percussioni
814 2967 879 3010 uon
898 2939 1043 3038 subjacet
1060 2953 1091 3012 et
1109 2940 1225 3012 timore
1244 2967 1308 3012 nou
1329 2953 1477 3026 terretur,
1496 2940 1660 3040 quomodo
1679 2967 1745 3012 non

171 3060 407 3134 describeretur
420 3075 457 3132 ut
473 3063 579 3160 passio
598 3060 803 3160 passionum,
822 3059 947 3130 etiamsi
965 3071 1080 3159 sponte
1105 3086 1165 3158 sue
1183 3060 1319 3131 cumeis
1337 3062 1573 3134 communicet?
1588 3061 1652 3135 Aut
1666 3089 1748 3162 quo·
1769 3045 1776 3060 ’

172 3180 269 3253 modo
287 3180 494 3281 impassibilis
514 3207 579 3253 non
598 3181 655 3284 sit,
671 3179 745 3281 qui,
765 3206 783 3251 a
802 3179 1026 3278 passionibus,
1039 3179 1074 3250 iu
1091 3178 1243 3279 passione
1261 3206 1335 3263 sua,
1354 3195 1587 3254 nocumentum
1605 3209 1671 3254 non
1690 3209 1747 3255 ac-

173 3301 277 3401 cepitl
295 3300 466 3384 Quomodo
482 3300 675 3374 immortalis
688 3327 755 3372 non
773 3299 830 3383 sit,
848 3299 921 3398 qui,
941 3297 1100 3371 transiens
1117 3325 1177 3399 per
1198 3312 1352 3383 mortem,
1369 3327 1388 3372 a
1406 3314 1511 3374 morte
1528 3329 1594 3374 non
1617 3302 1747 3375 territus

172 3424 242 3496 est?
260 3423 348 3496 Mors
365 3423 477 3495 mortis
498 3423 616 3495 exstitit
632 3422 691 3496 Dei
709 3449 854 3495 accessus
869 3421 911 3493 ad
928 3433 1082 3505 mortem,
1098 3449 1172 3493 cum
1192 3448 1228 3493 ea
1248 3420 1398 3494 detentus
1411 3449 1476 3494 non
1495 3422 1609 3510 luerit,
1624 3425 1748 3524 passio-

173 3571 238 3645 que
254 3545 442 3645 passionum
458 3543 607 3616 similiter
622 3544 685 3617 fuit
700 3542 941 3644 impassibilitas
959 3543 1036 3628 Dei,
1057 3570 1131 3614 cum
1148 3543 1183 3614 in
1199 3541 1406 3642 passionibus
1419 3558 1622 3618 conversatus
1638 3557 1696 3618 est.
1711 3545 1747 3618 Si

173 3667 261 3739 enim
277 3665 449 3737 mundana
462 3692 529 3750 res,
546 3691 647 3766 quum
662 3665 758 3739 rebus
777 3665 1024 3738 commiscentur
1040 3691 1114 3764 quse
1131 3663 1197 3736 illis
1211 3677 1287 3736 sunt
1304 3664 1486 3750 contraries,
1504 3691 1578 3738 vere
1595 3667 1746 3739 virtutem

173 3800 206 3860 et
222 3802 372 3860 naturam
389 3813 481 3859 suam
500 3787 731 3888 impassibilem
754 3786 945 3871 ostendunt,
965 3797 1087 3887 quanto
1114 3785 1217 3884 magis
1235 3785 1417 3885 intelligere
1440 3785 1597 3860 debemus
1619 3786 1747 3886 passio-

174 3934 250 3980 nem
280 3907 340 3980 Dei
366 3907 465 3981 luisse
493 3908 675 4008 passionem
703 3906 924 4008 passionibus!
945 3905 1229 3990 Quemadmodum
1259 3906 1345 3978 enim
1372 3907 1510 3991 serrum,
1536 3905 1747 4006 percutiendo

174 4029 395 4114 adamantem,
414 4029 513 4102 ictum
536 4029 705 4112 sustinuit,
725 4029 899 4128 ipsumque
920 4052 1109 4126 percussum
1123 4040 1172 4100 est
1186 4026 1229 4099 ob
1245 4027 1426 4099 adamantis
1440 4027 1641 4114 firmitatem,
1655 4027 1699 4098 ita
1717 4041 1749 4100 et

175 4150 296 4235 Deum,
315 4151 372 4251 qui
395 4165 443 4224 est
464 4152 555 4222 lortis
570 4148 733 4224 voluntate
751 4176 810 4221 sua
828 4161 860 4221 et
883 4148 1090 4249 impassibilis
1109 4148 1142 4219 in
1168 4148 1305 4220 essentia
1326 4175 1402 4233 sua,
1420 4175 1493 4221 cum
1511 4148 1650 4248 suscepit
1665 4147 1700 4220 in
1714 4174 1748 4220 se

173 4271 357 4372 passiones,
372 4270 536 4372 quomodo
554 4298 617 4344 non
634 4271 779 4343 dicamus
797 4269 831 4341 in
849 4268 1109 4369 impassibilitate
1125 4295 1183 4340 sua
1201 4268 1432 4368 permansisse,
1452 4268 1550 4342 etiam
1568 4269 1647 4341 dum
1661 4269 1747 4342 ferro
1777 4305 1779 4308 ·

175 4406 207 4465 et
224 4393 300 4490 igne
318 4387 507 4477 tentaretur,
526 4391 552 4462 si
572 4391 706 4492 quidem
724 4403 841 4462 natura
859 4389 995 4462 Deitatis
1009 4386 1116 4492 (109)
1135 4416 1169 4463 re
1189 4389 1335 4490 qualibet
1349 4388 1464 4462 fortior
1481 4403 1543 4474 est,
1558 4390 1656 4463 etiam
1674 4415 1748 4462 cum

174 4514 273 4586 estin
290 4513 520 4614 passionibus?
542 4511 580 4585 ld
597 4513 683 4585 enim
702 4539 814 4584 verum
830 4511 946 4584 divinae
965 4510 1231 4610 impassibilitatis
1249 4524 1281 4584 et
1302 4510 1552 4584 immortalitatis
1568 4509 1630 4582 luit
1649 4537 1749 4608 argu-

175 4648 336 4720 mentum,
356 4663 429 4707 cum
450 4633 511 4706 sub
533 4633 738 4733 passionibus
761 4633 913 4716 existens,
933 4632 1004 4733 ipse
1024 4632 1211 4732 apparuerit
1232 4657 1327 4704 causa
1347 4632 1552 4731 passionum,
1570 4631 1599 4702 si
1616 4630 1748 4732 quidem

175 4754 237 4827 boc
252 4769 443 4854 argumento
459 4754 640 4828 ostenditur
659 4780 808 4856 quanam
826 4753 925 4826 luerit
940 4779 1036 4825 causa
1052 4778 1166 4826 eorum
1185 4780 1257 4853 quoe
1275 4767 1364 4851 gesta
1384 4765 1471 4825 sunt.
1489 4752 1560 4824 Non
1580 4752 1667 4824 onim
1686 4778 1750 4824 no·-

174 4875 329 4948 vissemus
342 4876 577 4977 lmpassibilem
595 4903 662 4949 esse
675 4874 925 4975 impassibilem,
939 4874 1002 4946 nisi
1018 4901 1091 4946 cum
1105 4874 1311 4973 passionibus
1326 4873 1609 4957 communicasset,
1620 4873 1749 4973 vimque

175 4995 361 5096 passionum
389 4996 580 5070 sustulisset.
605 4996 796 5070 Passionum
821 4996 923 5068 instar
951 4994 1039 5068 enim
1068 4995 1164 5068 irruit
1190 4996 1224 5067 in
1253 4995 1419 5095 passiones
1444 4992 1670 5093 lmpassibilis,
1694 5006 1746 5076 ut,

175 5115 324 5216 passione
346 5143 420 5202 sua,
437 5116 620 5190 ostenderet
636 5145 670 5190 se
688 5143 757 5190 esse
777 5116 961 5216 passionem
976 5115 1192 5215 passionibus.
1213 5115 1481 5216 lmpassibilitatis
1503 5114 1661 5213 impetum
1679 5140 1747 5185 non

177 5248 354 5336 patuerunt
375 5236 532 5310 sustinere
550 5238 731 5338 passiones,
751 5263 857 5334 neque
875 5236 986 5310 mirari
1004 5236 1178 5322 debemus,
1196 5262 1214 5308 ο
1231 5234 1323 5308 docte
1337 5235 1562 5335 Theopompo,
1578 5234 1667 5335 quod
1687 5233 1746 5304 im-
