3980 6084
262 527 330 594 aas
614 525 788 592 I’XTRUM
819 524 1219 592 ANTENICAENORUM
1245 517 1483 593 textuum.

261 674 458 748 diuturniori
480 700 573 775 prena
591 672 784 773 plectantur.
804 672 925 748 Omnes
946 687 1055 746 autem
1073 674 1147 774 qui,
1163 675 1316 774 predicta
1333 687 1425 748 astate
1441 687 1618 757 transacta,
1636 674 1669 746 in
1685 674 1746 748 hoc
1761 701 1850 775 pec-

261 810 369 870 catum
384 795 573 878 inciderint,
585 795 683 868 etiam
702 821 774 866 cum
788 794 946 868 haherent
958 821 1089 880 uxores,
1103 795 1217 892 viginti
1229 796 1375 896 quinque
1390 823 1494 870 anuos
1506 796 1540 868 in
1555 795 1745 896 poenitentia
1762 823 1857 896 per-‚

261 930 421 1000 sererent,
445 929 558 1015 postea
580 915 781 988 orationihus
804 916 1060 1000 communicent,
1084 931 1198 1017 atque,
1222 944 1295 990 cum
1319 917 1465 1017 quinque
1486 944 1589 990 annos
1609 918 1644 989 in
1667 917 1729 990 hac
1748 944 1846 988 com-

260 1037 415 1110 munione
435 1036 745 1120 consummaverint,
767 1035 932 1109 ohlatione
956 1035 1047 1134 digni
1064 1037 1258 1110 habeantur.
1278 1037 1376 1121 Quod
1393 1039 1420 1110 si
1442 1037 1501 1110 viri
1524 1037 1681 1111 hahentes
1701 1064 1842 1120 uxores,

261 1171 418 1231 transacto
432 1157 703 1258 quinquagesimo
720 1183 825 1238 onno,
842 1157 876 1228 in
896 1157 957 1229 hoc
975 1172 1143 1257 peccatum
1166 1157 1353 1244 inciderint,
1373 1159 1406 1230 in
1426 1158 1574 1232 extremis
1596 1172 1723 1232 tanturn
1739 1159 1842 1230 obla-

260 1279 363 1352 tione¹
384 1275 556 1352 donentur.

310 1493 389 1565 XVI.
418 1491 464 1564 Dc
478 1491 537 1564 iltis
551 1491 617 1591 qui,
631 1509 865 1591 postprmmcum
882 1492 1286 1576 hestiiasccommiacuerunt,
1304 1493 1491 1594 lepmrisocti
1506 1510 1650 1566 rant.-
1665 1493 1740 1567 lllos
1758 1493 1840 1594 qui,

259 1639 334 1686 cum
351 1613 461 1686 hestiis
479 1639 512 1685 se
527 1613 817 1696 commiscuerunt,
833 1627 910 1686 sunt
924 1613 971 1687 vel
990 1613 1065 1686 iacti
1081 1625 1158 1686 sunt
1177 1613 1310 1715 leprosi,
1323 1613 1421 1714 jussit
1436 1614 1611 1714 Synodus
1602 1627 1687 1687 inter
1704 1641 1758 1688 eos
1776 1615 1839 1714 qui

259 1734 457 1834 probantur2
474 1760 577 1806 orare.
597 1730 710 1836 (220)

310 1946 406 2020 XVII.
436 1947 480 2019 Ile
500 1946 639 2047 episcopis
658 1947 830 2019 coerceretis
854 1948 909 2048 qui
930 1947 1043 2048 repulsi
1066 1965 1146 2022 aunt.
1170 1947 1385 2032 —Quodsi
1408 1947 1541 2049 quidam
1566 1948 1723 2050 episcopi,
1743 1962 1839 2049 post-

259 2093 359 2167 quam
383 2067 656 2140 consecrationem
675 2067 871 2168 acceperint,
894 2097 912 2140 a
936 2068 1016 2140 locis
1033 2095 1175 2169 quorum
1199 2068 1345 2142 titulares
1367 2070 1521 2155 existunt,
1539 2098 1578 2143 eo
1602 2071 1691 2171 quod
1711 2073 1837 2172 accepti

260 2215 326 2260 non
344 2187 491 2272 luerunt,
507 2187 664 2261 adolium
682 2188 788 2261 Iocum
804 2189 942 2287 migrare
959 2189 1135 2274 voluerint,
1154 2189 1318 2292 episcopos
1331 2190 1387 2290 qui
1403 2219 1456 2263 cos
1475 2204 1740 2264 consecraverunt
1756 2219 1837 2264 con-

259 2308 425 2381 turbantes
451 2320 483 2381 et
503 2322 666 2394 vexantes,
686 2308 852 2382 excitando
880 2323 989 2382 contra
1017 2309 1090 2382 illos
1114 2309 1292 2396 tumultus,
1318 2311 1396 2383 tales
1421 2324 1641 2409 segregentur.
1659 2311 1696 2385 Si
1723 2325 1835 2386 autem

259 2429 391 2529 pocitice
409 2456 444 2502 se
461 2457 572 2528 gerere
588 2430 749 2503 voluerint
765 2431 798 2501 in
814 2429 1010 2513 sacerdotio,
1027 2443 1064 2502 ut
1078 2431 1260 2504 sacerdotes
1275 2446 1370 2504 antea
1385 2431 1562 2504 existebant
1576 2432 1758 2520 habeantur
1772 2460 1834 2505 neo

260 2579 277 2620 a
297 2549 400 2646 gradu
418 2550 634 2650 deponantur.
653 2552 712 2623 Sin
729 2564 838 2623 autem
859 2551 1017 2624 tumultus
1035 2551 1150 2624 cierint
1167 2553 1318 2625 adversus
1336 2553 1502 2652 episcopos
1520 2553 1566 2626 ihi
1588 2553 1773 2639 existentes,
1790 2553 1831 2626 ah

260 2669 324 2742 illis
344 2671 510 2744 auferatur
527 2671 624 2743 etiam
643 2670 816 2743 sacerdotis
834 2698 969 2756 munus,
987 2672 1261 2774 denuntiatosque
1276 2699 1309 2746 se
1328 2687 1471 2747 noscant.

311 2881 422 2954 XVIII.
451 2883 496 2954 De
512 2882 648 2983 illapsu
655 2901 837 2984 ,proatquom
860 2883 1058 2984 uirginitatem
1078 2903 1232 2970 moerent,
1258 2887 1289 2956 io
1313 2886 1455 2958 orcadum
1478 2886 1642 2972 redicrent,
1667 2888 1726 2958 sine
1743 2885 1830 2970 uiris,

258 3002 317 3072 siue
328 3001 467 3101 seminis,
486 3021 514 3074 et
534 3003 569 3076 dc
589 2910 762 3077 mulieribus
778 3005 1021 3078 oolxebiteotibua.
1041 3050 1088 3062 —
1107 3004 1229 3080 Omnes
1246 3007 1303 3106 qui
1326 3007 1540 3104 virginitatem
1559 3021 1674 3080 vovent
1693 3020 1832 3108 votaque

260 3122 430 3220 frangunt,
458 3125 574 3197 canoni
600 3125 748 3224 bigamos
774 3127 957 3228 respicienti
986 3128 1230 3200 submittantur.
1257 3127 1404 3227 Virgines
1434 3155 1521 3229 quae,
1550 3155 1697 3201 sororum
1725 3155 1829 3214 more,

261 3271 334 3315 cum
353 3245 549 3344 quibusdam
563 3260 816 3334 commorantur,
833 3275 990 3321 arcemus.

310 3448 390 3520 XIX.
418 3447 463 3521 De
485 3449 568 3522 laicis
587 3432 715 3551 quorum
735 3479 861 3537 scores,
878 3453 924 3525 ccl
940 3453 1010 3554 ipsi,
1026 3452 1173 3526 adulteria
1192 3453 1407 3526 cmomirermot.
1429 3454 1595 3540 -Quod
1617 3455 1644 3526 si
1664 3454 1830 3554 cujusdam

261 3596 350 3652 uxor,
370 3569 419 3642 vel
434 3570 517 3670 ipse,
537 3571 733 3646 adulterium
752 3574 963 3659 commiserit,
982 3587 1055 3673 post
1077 3588 1198 3675 septem
1217 3603 1335 3656 annos,
1354 3574 1396 3646 nd
1421 3575 1454 3646 id
1478 3576 1567 3678 quod
1588 3576 1765 3676 perlectum
1782 3589 1831 3648 est

260 3689 386 3762 admitti
398 3704 548 3791 possunt,
563 3693 653 3791 juxta
670 3693 790 3792 gradus
806 3706 900 3766 antea
916 3693 1102 3794 descriptos.

311 3893 374 3966 XX.
402 3894 448 3966 De
468 3895 640 3968 mulieribus
657 3925 722 3996 que
733 3924 844 3996 pueros
865 3916 1128 3972 secernerent-
1149 3899 1301 3972 Mulieres
1322 3927 1410 4003 qua,
1429 3927 1503 3973 cum
1524 3915 1669 3975 scortate
1680 3903 1826 3984 luerunt,

259 4041 378 4114 pucros
398 4015 564 4100 occidunt,
584 4029 639 4088 aut
664 4030 789 4090 tentant
813 4018 926 4090 fretum
945 4021 1157 4120 opprimerel,
1176 4021 1218 4094 ad
1236 4021 1334 4094 linem
1350 4023 1419 4096 vitae
1446 4049 1548 4124 usque
1570 4023 1828 4096 excommunica-

260 4134 348 4206 tione
365 4135 590 4235 plectebantur
604 4137 695 4236 jurta
717 4137 840 4237 priores
858 4166 1013 4224 canones,
1034 4141 1153 4240 quibus
1170 4142 1312 4215 adheret
1328 4171 1467 4244 presens
1482 4143 1644 4241 Synodus.
1664 4145 1825 4226 Attamen,

260 4279 334 4325 curn
357 4254 418 4325 hoc
442 4254 606 4328 decretum
625 4255 831 4357 aliquatenus
848 4258 991 4356 rigidum
1009 4262 1111 4332 visum
1136 4263 1248 4347 luerit,
1274 4263 1471 4335 decrevimus
1489 4261 1530 4334 ah
1552 4263 1620 4336 istis
1638 4263 1826 4337 mulieribus

260 4373 371 4448 decem
389 4402 492 4449 annos
503 4377 680 4450 secundum
700 4378 820 4476 gradus
834 4381 932 4454 modo
949 4379 1099 4455 delinitos
1117 4410 1184 4456 esse
1204 4382 1387 4485 explendos.

310 4577 389 4651 XXI.
418 4579 463 4651 De
488 4579 638 4652 homicidis
664 4583 847 4656 voluntariis.
869 4629 920 4640 --
939 4583 1003 4670 Oui
1029 4584 1172 4659 volentes
1196 4585 1371 4660 homicidia
1396 4602 1598 4690 perpetrant,
1617 4589 1701 4663 inter
1721 4587 1828 4691 porni-

260 4708 364 4772 tentes
376 4699 534 4798 integram
552 4701 648 4774 vitam
664 4717 776 4801 agant,
794 4704 850 4778 sed
864 4704 905 4778 ad
923 4705 956 4778 id
973 4705 1062 4806 quod
1075 4707 1252 4806 perlectum
1271 4708 1364 4780 estin
1383 4709 1530 4782 extremis
1548 4710 1769 4783 admittantur.

311 4905 404 4978 XXII.
433 4905 479 4978 De
491 4906 640 4978 homicidis
655 4907 868 4982 involuntariis.
880 4955 931 4967 -
944 4910 1121 4985 Homicidis
1136 4911 1359 4986 involuntariis
1373 4926 1462 4988 vetus
1475 4943 1578 4988 canon
1590 4929 1712 5016 septem
1727 4941 1829 4989 annos

298 5100 304 5130 ¹
326 5099 363 5154 De
377 5099 529 5156 Eucharistia
543 5100 584 5156 hic
593 5101 682 5176 agitur,
695 5110 722 5158 ut
733 5121 761 5158 ex
774 5110 885 5159 contexta
895 5105 1007 5160 oratione
1082 5107 1173 5163 Labbci
1188 5105 1258 5160 δατ.
1274 5105 1361 5163 Gardt.
1374 5108 1735 5183 t‚ot.1a7s·1t79.ext.s.
1748 5110 1829 5172 Pitra,

259 5198 334 5265 patet
351 5224 389 5232 -
407 5196 417 5226 ²
436 5193 520 5248 Gracc
537 5196 573 5249 als
590 5197 647 5250 rorte
663 5195 862 5268 χιιμιζομένουε
880 5199 1006 5270 εὔχεσθαι.
1080 5200 1148 5255 Iar-ia
1159 5201 1240 5255 noles.
1256 5199 1395 5256 Gmcorem
1405 5203 1460 5256 hiat.
1474 5213 1497 5257 et
1507 5221 1567 5257 mou.
1581 5203 1605 5266 l,
1621 5204 1689 5265 tiro,
1699 5213 1785 5259 annot.
1801 5223 1827 5276 9.

259 5283 310 5339 Cir.
326 5286 514 5343 aunohtionem
530 5287 678 5362 leospinaei
690 5289 716 5344 in
732 5289 799 5346 hunc
814 5292 903 5346 locum.
915 5291 1006 5366 Philip.
1082 5325 1119 5334 -
1130 5297 1141 5328 ⁸
1153 5294 1238 5350 Greoe
1251 5295 1292 5348 ast
1309 5291 1503 5355 σπουδσζωσῦν
1517 5295 1610 5369 φθόρια
1621 5303 1714 5351 ποιεῖν.
