<?xml version="1.0" encoding="UTF-8"?>
<!DOCTYPE html PUBLIC "-//W3C//DTD XHTML 1.0 Transitional//EN"
    "http://www.w3.org/TR/xhtml1/DTD/xhtml1-transitional.dtd">
<html xmlns="http://www.w3.org/1999/xhtml" xml:lang="en" lang="en">
 <head>
  <title>
</title>
<meta http-equiv="Content-Type" content="text/html;charset=utf-8" />
  <meta name='ocr-system' content='tesseract 3.04.00' />
  <meta name='ocr-capabilities' content='ocr_page ocr_carea ocr_par ocr_line ocrx_word'/>
</head>
<body>
  <div class='ocr_page' id='page_1' title='image "./analectasacrasp03pitrgoog_0384.png"; bbox 0 0 4006 6098; ppageno 0'>
   <div class='ocr_carea' id='block_1_1' title="bbox 623 541 1727 614">
    <p class='ocr_par' dir='ltr' id='par_1_1' title="bbox 623 541 1727 614">
     <span class='ocr_line' id='line_1_1' title="bbox 623 541 1727 614; baseline -0.004 -2"><span class='ocrx_word' id='word_1_1' title='bbox 623 547 792 614; x_wconf 80' lang='lat' dir='ltr'>SEXTUS</span> <span class='ocrx_word' id='word_1_2' title='bbox 821 545 975 612; x_wconf 77' lang='lat' dir='ltr'><strong>tutius</strong></span> <span class='ocrx_word' id='word_1_3' title='bbox 1007 544 1291 611; x_wconf 75' lang='lat' dir='ltr'>AFRICANUS..</span> <span class='ocrx_word' id='word_1_4' title='bbox 1662 541 1727 610; x_wconf 83' lang='lat'><strong>337</strong></span> 
     </span>
    </p>
   </div>
   <div class='ocr_carea' id='block_1_2' title="bbox 163 691 1730 918">
    <p class='ocr_par' dir='ltr' id='par_1_2' title="bbox 163 691 1730 918">
     <span class='ocr_line' id='line_1_2' title="bbox 214 691 1730 796; baseline -0.002 -29"><span class='ocrx_word' id='word_1_5' title='bbox 214 695 250 768; x_wconf 92' lang='grc' dir='ltr'><strong>Β.</strong></span> <span class='ocrx_word' id='word_1_6' title='bbox 280 697 454 769; x_wconf 87' lang='lat' dir='ltr'><strong>Hominem</strong></span> <span class='ocrx_word' id='word_1_7' title='bbox 474 695 597 796; x_wconf 83' lang='lat' dir='ltr'><strong>absque</strong></span> <span class='ocrx_word' id='word_1_8' title='bbox 615 696 683 768; x_wconf 86' lang='lat' dir='ltr'><strong>Deo</strong></span> <span class='ocrx_word' id='word_1_9' title='bbox 701 696 796 768; x_wconf 89' lang='lat' dir='ltr'><strong>verbo</strong></span> <span class='ocrx_word' id='word_1_10' title='bbox 813 694 959 767; x_wconf 88' lang='lat' dir='ltr'><strong>confiteri</strong></span> <span class='ocrx_word' id='word_1_11' title='bbox 975 693 1143 765; x_wconf 82' lang='lat' dir='ltr'><strong>Daemones</strong></span> <span class='ocrx_word' id='word_1_12' title='bbox 1162 691 1335 765; x_wconf 82' lang='lat' dir='ltr'><strong>audebant.</strong></span> <span class='ocrx_word' id='word_1_13' title='bbox 1355 692 1422 764; x_wconf 91' lang='lat' dir='ltr'><strong>Hoc</strong></span> <span class='ocrx_word' id='word_1_14' title='bbox 1436 695 1523 765; x_wconf 93' lang='lat' dir='ltr'><strong>enim</strong></span> <span class='ocrx_word' id='word_1_15' title='bbox 1539 693 1644 766; x_wconf 83' lang='lat' dir='ltr'><strong>dicere</strong></span> <span class='ocrx_word' id='word_1_16' title='bbox 1659 692 1730 764; x_wconf 84' lang='lat' dir='ltr'><strong>illos</strong></span> 
     </span>
     <span class='ocr_line' id='line_1_3' title="bbox 163 813 1489 918; baseline -0.005 -28"><span class='ocrx_word' id='word_1_17' title='bbox 163 817 344 918; x_wconf 90' lang='lat' dir='ltr'><strong>torquebat.</strong></span> <span class='ocrx_word' id='word_1_18' title='bbox 361 817 442 890; x_wconf 88' lang='lat' dir='ltr'><strong>Nam</strong></span> <span class='ocrx_word' id='word_1_19' title='bbox 456 817 601 918; x_wconf 75' lang='lat' dir='ltr'><strong>Christus</strong></span> <span class='ocrx_word' id='word_1_20' title='bbox 619 831 686 890; x_wconf 91' lang='lat' dir='ltr'><strong>erat</strong></span> <span class='ocrx_word' id='word_1_21' title='bbox 704 816 804 888; x_wconf 80' lang='lat' dir='ltr'><strong>Filius</strong></span> <span class='ocrx_word' id='word_1_22' title='bbox 823 816 898 898; x_wconf 89' lang='lat' dir='ltr'><strong>Dei,</strong></span> <span class='ocrx_word' id='word_1_23' title='bbox 916 815 1003 888; x_wconf 90' lang='lat' dir='ltr'><strong>unde</strong></span> <span class='ocrx_word' id='word_1_24' title='bbox 1014 814 1107 886; x_wconf 91' lang='lat' dir='ltr'><strong>illum</strong></span> <span class='ocrx_word' id='word_1_25' title='bbox 1122 814 1258 886; x_wconf 89' lang='lat' dir='ltr'><strong>orabant</strong></span> <span class='ocrx_word' id='word_1_26' title='bbox 1275 813 1357 884; x_wconf 90' lang='lat' dir='ltr'><strong>sicut</strong></span> <span class='ocrx_word' id='word_1_27' title='bbox 1374 813 1489 885; x_wconf 90' lang='lat' dir='ltr'><strong>Deum.</strong></span> 
     </span>
    </p>
   </div>
   <div class='ocr_carea' id='block_1_3' title="bbox 164 955 1732 1335">
    <p class='ocr_par' dir='ltr' id='par_1_3' title="bbox 164 955 1732 1335">
     <span class='ocr_line' id='line_1_4' title="bbox 216 955 1729 1092; baseline -0.003 -26"><span class='ocrx_word' id='word_1_28' title='bbox 216 994 251 1067; x_wconf 88' lang='lat' dir='ltr'><strong>C.</strong></span> <span class='ocrx_word' id='word_1_29' title='bbox 279 966 395 1066; x_wconf 78' lang='lat' dir='ltr'><strong>Anium</strong></span> <span class='ocrx_word' id='word_1_30' title='bbox 413 1007 559 1066; x_wconf 87' lang='lat' dir='ltr'><strong>creatura</strong></span> <span class='ocrx_word' id='word_1_31' title='bbox 577 1007 639 1078; x_wconf 92' lang='lat' dir='ltr'><strong>est;</strong></span> <span class='ocrx_word' id='word_1_32' title='bbox 659 1021 725 1065; x_wconf 93' lang='lat' dir='ltr'><strong>non</strong></span> <span class='ocrx_word' id='word_1_33' title='bbox 743 1006 913 1092; x_wconf 74' lang='lat' dir='ltr'>torquetur</span> <span class='ocrx_word' id='word_1_34' title='bbox 929 1019 989 1063; x_wconf 90' lang='lat' dir='ltr'><strong>nec</strong></span> <span class='ocrx_word' id='word_1_35' title='bbox 1004 990 1215 1089; x_wconf 80' lang='lat' dir='ltr'><strong>transfigitur.</strong></span> <span class='ocrx_word' id='word_1_36' title='bbox 1228 990 1356 1073; x_wconf 82' lang='lat' dir='ltr'><strong>Quanto</strong></span> <span class='ocrx_word' id='word_1_37' title='bbox 1375 990 1477 1088; x_wconf 80' lang='lat' dir='ltr'><strong>magis</strong></span> <span class='ocrx_word' id='word_1_38' title='bbox 1494 955 1633 1061; x_wconf 90' lang='lat' dir='ltr'><strong>Verbum</strong></span> <span class='ocrx_word' id='word_1_39' title='bbox 1654 991 1729 1062; x_wconf 84' lang='lat' dir='ltr'><strong>Dei!</strong></span> 
     </span>
     <span class='ocr_line' id='line_1_5' title="bbox 164 1109 1732 1215; baseline -0.003 -29"><span class='ocrx_word' id='word_1_40' title='bbox 164 1115 369 1215; x_wconf 80' lang='lat' dir='ltr'><strong>Quapropter</strong></span> <span class='ocrx_word' id='word_1_41' title='bbox 392 1114 448 1214; x_wconf 92' lang='lat' dir='ltr'><strong>qui</strong></span> <span class='ocrx_word' id='word_1_42' title='bbox 473 1114 657 1186; x_wconf 91' lang='lat' dir='ltr'><strong>tormentati</strong></span> <span class='ocrx_word' id='word_1_43' title='bbox 677 1127 753 1185; x_wconf 93' lang='lat' dir='ltr'><strong>sunt</strong></span> <span class='ocrx_word' id='word_1_44' title='bbox 770 1109 985 1213; x_wconf 76' lang='lat' dir='ltr'><strong>(Christum),</strong></span> <span class='ocrx_word' id='word_1_45' title='bbox 1008 1138 1123 1210; x_wconf 84' lang='lat' dir='ltr'><strong>corpus</strong></span> <span class='ocrx_word' id='word_1_46' title='bbox 1144 1111 1203 1182; x_wconf 87' lang='lat' dir='ltr'><strong>Dei</strong></span> <span class='ocrx_word' id='word_1_47' title='bbox 1221 1111 1428 1210; x_wconf 79' lang='lat' dir='ltr'><strong>potiusquam</strong></span> <span class='ocrx_word' id='word_1_48' title='bbox 1452 1109 1572 1190; x_wconf 89' lang='lat' dir='ltr'><strong>Deum,</strong></span> <span class='ocrx_word' id='word_1_49' title='bbox 1591 1109 1732 1182; x_wconf 88' lang='lat' dir='ltr'><strong>Verbum</strong></span> 
     </span>
     <span class='ocr_line' id='line_1_6' title="bbox 164 1230 914 1335; baseline -0.003 -29"><span class='ocrx_word' id='word_1_50' title='bbox 164 1233 331 1306; x_wconf 89' lang='lat' dir='ltr'><strong>bominem</strong></span> <span class='ocrx_word' id='word_1_51' title='bbox 354 1235 473 1306; x_wconf 87' lang='lat' dir='ltr'><strong>lactum</strong></span> <span class='ocrx_word' id='word_1_52' title='bbox 492 1233 662 1306; x_wconf 81' lang='lat' dir='ltr'><strong>offendisse</strong></span> <span class='ocrx_word' id='word_1_53' title='bbox 681 1234 810 1305; x_wconf 88' lang='lat' dir='ltr'><strong>scimus.</strong></span> <span class='ocrx_word' id='word_1_54' title='bbox 829 1230 914 1335; x_wconf 84' lang='lat'>(71)</span> 
     </span>
    </p>
   </div>
   <div class='ocr_carea' id='block_1_4' title="bbox 165 1407 1735 1750">
    <p class='ocr_par' dir='ltr' id='par_1_4' title="bbox 165 1407 1735 1750">
     <span class='ocr_line' id='line_1_7' title="bbox 217 1407 1732 1514; baseline -0.003 -32"><span class='ocrx_word' id='word_1_55' title='bbox 217 1411 279 1482; x_wconf 91' lang='lat' dir='ltr'><strong>D¹.</strong></span> <span class='ocrx_word' id='word_1_56' title='bbox 309 1410 385 1482; x_wconf 86' lang='lat' dir='ltr'><strong>Post</strong></span> <span class='ocrx_word' id='word_1_57' title='bbox 407 1436 522 1483; x_wconf 84' lang='lat' dir='ltr'><strong>norem</strong></span> <span class='ocrx_word' id='word_1_58' title='bbox 539 1437 665 1482; x_wconf 88' lang='lat' dir='ltr'><strong>menses</strong></span> <span class='ocrx_word' id='word_1_59' title='bbox 684 1410 790 1482; x_wconf 89' lang='lat' dir='ltr'><strong>editus</strong></span> <span class='ocrx_word' id='word_1_60' title='bbox 816 1423 864 1482; x_wconf 87' lang='lat' dir='ltr'><strong>cst</strong></span> <span class='ocrx_word' id='word_1_61' title='bbox 881 1409 1055 1494; x_wconf 86' lang='lat' dir='ltr'><strong>Dominus,</strong></span> <span class='ocrx_word' id='word_1_62' title='bbox 1075 1408 1127 1481; x_wconf 91' lang='lat' dir='ltr'><strong>die</strong></span> <span class='ocrx_word' id='word_1_63' title='bbox 1145 1422 1230 1480; x_wconf 85' lang='lat' dir='ltr'><strong>serta</strong></span> <span class='ocrx_word' id='word_1_64' title='bbox 1252 1409 1418 1514; x_wconf 73' lang='lat' dir='ltr'><strong>lanuarii,</strong></span> <span class='ocrx_word' id='word_1_65' title='bbox 1441 1422 1488 1492; x_wconf 90' lang='lat' dir='ltr'><strong>et,</strong></span> <span class='ocrx_word' id='word_1_66' title='bbox 1513 1421 1585 1507; x_wconf 89' lang='lat' dir='ltr'><strong>post</strong></span> <span class='ocrx_word' id='word_1_67' title='bbox 1602 1407 1732 1504; x_wconf 81' lang='lat' dir='ltr'><strong>triginta</strong></span> 
     </span>
     <span class='ocr_line' id='line_1_8' title="bbox 165 1527 1735 1629; baseline -0.003 -27"><span class='ocrx_word' id='word_1_68' title='bbox 165 1557 283 1614; x_wconf 89' lang='lat' dir='ltr'><strong>annos,</strong></span> <span class='ocrx_word' id='word_1_69' title='bbox 295 1529 411 1602; x_wconf 93' lang='lat' dir='ltr'><strong>eodem</strong></span> <span class='ocrx_word' id='word_1_70' title='bbox 422 1530 490 1614; x_wconf 90' lang='lat' dir='ltr'><strong>die,</strong></span> <span class='ocrx_word' id='word_1_71' title='bbox 507 1529 559 1603; x_wconf 88' lang='lat' dir='ltr'><strong>die</strong></span> <span class='ocrx_word' id='word_1_72' title='bbox 570 1545 655 1603; x_wconf 83' lang='lat' dir='ltr'><strong>serta</strong></span> <span class='ocrx_word' id='word_1_73' title='bbox 667 1529 812 1603; x_wconf 88' lang='lat' dir='ltr'><strong>Januarii</strong></span> <span class='ocrx_word' id='word_1_74' title='bbox 823 1529 1003 1629; x_wconf 86' lang='lat' dir='ltr'><strong>baptizatus</strong></span> <span class='ocrx_word' id='word_1_75' title='bbox 1018 1542 1081 1613; x_wconf 90' lang='lat' dir='ltr'><strong>est,</strong></span> <span class='ocrx_word' id='word_1_76' title='bbox 1097 1528 1275 1601; x_wconf 90' lang='lat' dir='ltr'><strong>secundum</strong></span> <span class='ocrx_word' id='word_1_77' title='bbox 1289 1527 1407 1600; x_wconf 89' lang='lat' dir='ltr'><strong>Lucam</strong></span> <span class='ocrx_word' id='word_1_78' title='bbox 1422 1528 1581 1601; x_wconf 81' lang='lat' dir='ltr'><strong>dicentem</strong></span> <span class='ocrx_word' id='word_1_79' title='bbox 1596 1560 1603 1600; x_wconf 92' lang='lat'><strong>:</strong></span> <span class='ocrx_word' id='word_1_80' title='bbox 1620 1528 1735 1600; x_wconf 77' lang='lat' dir='ltr'><strong>slesus</strong></span> 
     </span>
     <span class='ocr_line' id='line_1_9' title="bbox 166 1650 922 1750; baseline 0.001 -31"><span class='ocrx_word' id='word_1_81' title='bbox 166 1663 258 1724; x_wconf 72' lang='lat' dir='ltr'><strong>serat</strong></span> <span class='ocrx_word' id='word_1_82' title='bbox 275 1650 432 1749; x_wconf 91' lang='lat' dir='ltr'><strong>incipiens</strong></span> <span class='ocrx_word' id='word_1_83' title='bbox 449 1651 543 1750; x_wconf 88' lang='lat' dir='ltr'><strong>quasi</strong></span> <span class='ocrx_word' id='word_1_84' title='bbox 555 1677 716 1724; x_wconf 87' lang='lat' dir='ltr'><strong>annorum</strong></span> <span class='ocrx_word' id='word_1_85' title='bbox 729 1651 860 1747; x_wconf 82' lang='lat' dir='ltr'><strong>triginta</strong></span> <span class='ocrx_word' id='word_1_86' title='bbox 870 1655 922 1722; x_wconf 68' lang='lat'><strong>².»</strong></span> 
     </span>
    </p>
   </div>
   <div class='ocr_carea' id='block_1_5' title="bbox 166 1823 1740 2528">
    <p class='ocr_par' dir='ltr' id='par_1_5' title="bbox 167 1823 1736 2048">
     <span class='ocr_line' id='line_1_10' title="bbox 217 1823 1736 1928; baseline -0.001 -30"><span class='ocrx_word' id='word_1_87' title='bbox 217 1825 271 1911; x_wconf 90' lang='lat' dir='ltr'><strong>Et,</strong></span> <span class='ocrx_word' id='word_1_88' title='bbox 295 1839 368 1927; x_wconf 87' lang='lat' dir='ltr'><strong>post</strong></span> <span class='ocrx_word' id='word_1_89' title='bbox 388 1854 507 1925; x_wconf 89' lang='lat' dir='ltr'><strong>pauca,</strong></span> <span class='ocrx_word' id='word_1_90' title='bbox 536 1827 673 1927; x_wconf 92' lang='lat' dir='ltr'><strong>loquens</strong></span> <span class='ocrx_word' id='word_1_91' title='bbox 695 1827 735 1899; x_wconf 90' lang='lat' dir='ltr'><strong>de</strong></span> <span class='ocrx_word' id='word_1_92' title='bbox 757 1826 917 1926; x_wconf 85' lang='lat' dir='ltr'><strong>baptismo</strong></span> <span class='ocrx_word' id='word_1_93' title='bbox 937 1824 999 1928; x_wconf 91' lang='lat' dir='ltr'><strong>(ait</strong></span> <span class='ocrx_word' id='word_1_94' title='bbox 1023 1827 1057 1898; x_wconf 89' lang='lat' dir='ltr'><strong>S.</strong></span> <span class='ocrx_word' id='word_1_95' title='bbox 1082 1823 1292 1927; x_wconf 72' lang='lat' dir='ltr'><strong>Hippolytus)</strong></span> <span class='ocrx_word' id='word_1_96' title='bbox 1314 1853 1403 1898; x_wconf 73' lang='lat' dir='ltr'><strong>anon</strong></span> <span class='ocrx_word' id='word_1_97' title='bbox 1422 1825 1535 1896; x_wconf 89' lang='lat' dir='ltr'><strong>decere</strong></span> <span class='ocrx_word' id='word_1_98' title='bbox 1549 1838 1586 1896; x_wconf 90' lang='lat' dir='ltr'><strong>ut</strong></span> <span class='ocrx_word' id='word_1_99' title='bbox 1603 1823 1664 1896; x_wconf 91' lang='lat' dir='ltr'><strong>alia</strong></span> <span class='ocrx_word' id='word_1_100' title='bbox 1683 1824 1736 1897; x_wconf 90' lang='lat' dir='ltr'><strong>die</strong></span> 
     </span>
     <span class='ocr_line' id='line_1_11' title="bbox 167 1946 1179 2048; baseline -0.003 -31"><span class='ocrx_word' id='word_1_101' title='bbox 167 1946 369 2048; x_wconf 64' lang='lat' dir='ltr'><strong>«baptismus</strong></span> <span class='ocrx_word' id='word_1_102' title='bbox 387 1946 576 2030; x_wconf 86' lang='lat' dir='ltr'><strong>celebretur,</strong></span> <span class='ocrx_word' id='word_1_103' title='bbox 597 1975 636 2019; x_wconf 90' lang='lat' dir='ltr'><strong>nc</strong></span> <span class='ocrx_word' id='word_1_104' title='bbox 655 1946 792 2019; x_wconf 91' lang='lat' dir='ltr'><strong>dubium</strong></span> <span class='ocrx_word' id='word_1_105' title='bbox 808 1947 972 2047; x_wconf 85' lang='lat' dir='ltr'><strong>quoddam</strong></span> <span class='ocrx_word' id='word_1_106' title='bbox 990 1947 1179 2019; x_wconf 71' lang='lat' dir='ltr'><strong>excitetur.»</strong></span> 
     </span>
    </p>

    <p class='ocr_par' dir='ltr' id='par_1_6' title="bbox 166 2063 1740 2528">
     <span class='ocr_line' id='line_1_12' title="bbox 216 2063 1738 2169; baseline -0.003 -29"><span class='ocrx_word' id='word_1_107' title='bbox 216 2067 287 2140; x_wconf 80' lang='lat' dir='ltr'><strong>Atia</strong></span> <span class='ocrx_word' id='word_1_108' title='bbox 304 2068 392 2140; x_wconf 90' lang='lat' dir='ltr'><strong>enim</strong></span> <span class='ocrx_word' id='word_1_109' title='bbox 413 2067 465 2140; x_wconf 94' lang='lat' dir='ltr'><strong>die</strong></span> <span class='ocrx_word' id='word_1_110' title='bbox 483 2081 612 2151; x_wconf 89' lang='lat' dir='ltr'><strong>natum,</strong></span> <span class='ocrx_word' id='word_1_111' title='bbox 630 2069 759 2167; x_wconf 88' lang='lat' dir='ltr'><strong>aliaque</strong></span> <span class='ocrx_word' id='word_1_112' title='bbox 775 2067 826 2140; x_wconf 90' lang='lat' dir='ltr'><strong>die</strong></span> <span class='ocrx_word' id='word_1_113' title='bbox 847 2067 1043 2169; x_wconf 85' lang='lat' dir='ltr'><strong>baptizatum</strong></span> <span class='ocrx_word' id='word_1_114' title='bbox 1062 2067 1212 2140; x_wconf 84' lang='lat' dir='ltr'><strong>dixerunt</strong></span> <span class='ocrx_word' id='word_1_115' title='bbox 1227 2063 1371 2169; x_wconf 86' lang='lat' dir='ltr'><strong>(lesum)</strong></span> <span class='ocrx_word' id='word_1_116' title='bbox 1384 2067 1510 2150; x_wconf 81' lang='lat' dir='ltr'><strong>Ariani,</strong></span> <span class='ocrx_word' id='word_1_117' title='bbox 1527 2079 1564 2138; x_wconf 89' lang='lat' dir='ltr'><strong>ut</strong></span> <span class='ocrx_word' id='word_1_118' title='bbox 1578 2064 1659 2137; x_wconf 87' lang='lat' dir='ltr'><strong>duas</strong></span> <span class='ocrx_word' id='word_1_119' title='bbox 1677 2092 1738 2137; x_wconf 90' lang='lat' dir='ltr'><strong>na-</strong></span> 
     </span>
     <span class='ocr_line' id='line_1_13' title="bbox 166 2185 1738 2289; baseline -0.002 -30"><span class='ocrx_word' id='word_1_120' title='bbox 166 2203 255 2260; x_wconf 88' lang='lat' dir='ltr'><strong>turas</strong></span> <span class='ocrx_word' id='word_1_121' title='bbox 268 2188 415 2288; x_wconf 91' lang='lat' dir='ltr'><strong>duosque</strong></span> <span class='ocrx_word' id='word_1_122' title='bbox 433 2187 515 2260; x_wconf 92' lang='lat' dir='ltr'><strong>filios</strong></span> <span class='ocrx_word' id='word_1_123' title='bbox 539 2189 780 2261; x_wconf 82' lang='lat' dir='ltr'><strong>confiterentur.</strong></span> <span class='ocrx_word' id='word_1_124' title='bbox 796 2190 910 2289; x_wconf 88' lang='lat' dir='ltr'><strong>ltaque</strong></span> <span class='ocrx_word' id='word_1_125' title='bbox 926 2190 987 2260; x_wconf 89' lang='lat' dir='ltr'><strong>boc</strong></span> <span class='ocrx_word' id='word_1_126' title='bbox 1010 2188 1127 2260; x_wconf 90' lang='lat' dir='ltr'><strong>lestum</strong></span> <span class='ocrx_word' id='word_1_127' title='bbox 1149 2189 1266 2260; x_wconf 91' lang='lat' dir='ltr'><strong>induo</strong></span> <span class='ocrx_word' id='word_1_128' title='bbox 1285 2187 1477 2270; x_wconf 90' lang='lat' dir='ltr'><strong>diviserunt,</strong></span> <span class='ocrx_word' id='word_1_129' title='bbox 1496 2185 1677 2262; x_wconf 87' lang='lat' dir='ltr'><strong>recedendo</strong></span> <span class='ocrx_word' id='word_1_130' title='bbox 1698 2185 1738 2256; x_wconf 91' lang='lat' dir='ltr'><strong>ab</strong></span> 
     </span>
     <span class='ocr_line' id='line_1_14' title="bbox 171 2305 1740 2410; baseline -0.003 -30"><span class='ocrx_word' id='word_1_131' title='bbox 171 2309 351 2410; x_wconf 88' lang='lat' dir='ltr'><strong>apostolicis</strong></span> <span class='ocrx_word' id='word_1_132' title='bbox 368 2309 624 2382; x_wconf 90' lang='lat' dir='ltr'><strong>delinitionibus.</strong></span> <span class='ocrx_word' id='word_1_133' title='bbox 639 2308 776 2382; x_wconf 82' lang='lat' dir='ltr'><strong>Ecclesia</strong></span> <span class='ocrx_word' id='word_1_134' title='bbox 793 2322 902 2382; x_wconf 90' lang='lat' dir='ltr'><strong>autem</strong></span> <span class='ocrx_word' id='word_1_135' title='bbox 918 2309 1064 2382; x_wconf 87' lang='lat' dir='ltr'><strong>fidelium</strong></span> <span class='ocrx_word' id='word_1_136' title='bbox 1079 2309 1193 2381; x_wconf 88' lang='lat' dir='ltr'><strong>cadem</strong></span> <span class='ocrx_word' id='word_1_137' title='bbox 1209 2309 1262 2380; x_wconf 92' lang='lat' dir='ltr'><strong>die</strong></span> <span class='ocrx_word' id='word_1_138' title='bbox 1275 2307 1415 2380; x_wconf 90' lang='lat' dir='ltr'><strong>celebrat</strong></span> <span class='ocrx_word' id='word_1_139' title='bbox 1428 2309 1546 2381; x_wconf 87' lang='lat' dir='ltr'><strong>lestum</strong></span> <span class='ocrx_word' id='word_1_140' title='bbox 1564 2305 1740 2379; x_wconf 79' lang='lat' dir='ltr'><strong>Natiuitatis</strong></span> 
     </span>
     <span class='ocr_line' id='line_1_15' title="bbox 170 2428 744 2528; baseline 0 -27"><span class='ocrx_word' id='word_1_141' title='bbox 170 2443 202 2501; x_wconf 93' lang='lat' dir='ltr'><strong>et</strong></span> <span class='ocrx_word' id='word_1_142' title='bbox 220 2431 384 2528; x_wconf 88' lang='lat' dir='ltr'><strong>Baptismi.</strong></span> <span class='ocrx_word' id='word_1_143' title='bbox 419 2523 421 2528; x_wconf 23' lang='grc' dir='ltr'>Ι</span> <span class='ocrx_word' id='word_1_144' title='bbox 741 2428 744 2435; x_wconf 70' lang='grc'><strong>’</strong></span> 
     </span>
    </p>
   </div>
   <div class='ocr_carea' id='block_1_6' title="bbox 795 2579 1069 2590">
    <p class='ocr_par' dir='ltr' id='par_1_7' title="bbox 795 2579 1069 2590">
     <span class='ocr_line' id='line_1_16' title="bbox 795 2579 1069 2590; baseline -0.004 0"><span class='ocrx_word' id='word_1_145' title='bbox 795 2583 799 2590; x_wconf 84' lang='grc'><strong>.</strong></span> <span class='ocrx_word' id='word_1_146' title='bbox 844 2579 1069 2590; x_wconf 73' lang='grc'><strong>.-..---..---</strong></span> 
     </span>
    </p>
   </div>
   <div class='ocr_carea' id='block_1_7' title="bbox 940 2813 975 2902">
    <p class='ocr_par' dir='ltr' id='par_1_8' title="bbox 940 2813 975 2902">
     <span class='ocr_line' id='line_1_17' title="bbox 940 2813 975 2902; baseline 0 0"><span class='ocrx_word' id='word_1_147' title='bbox 940 2813 975 2902; x_wconf 87' lang='grc' dir='ltr'><strong>Χ</strong></span> 
     </span>
    </p>
   </div>
   <div class='ocr_carea' id='block_1_8' title="bbox 574 3035 1347 3145">
    <p class='ocr_par' dir='ltr' id='par_1_9' title="bbox 574 3035 1347 3145">
     <span class='ocr_line' id='line_1_18' title="bbox 574 3035 1347 3145; baseline -0.016 -21"><span class='ocrx_word' id='word_1_148' title='bbox 574 3054 765 3124; x_wconf 87' lang='lat' dir='ltr'><strong>snxrus</strong></span> <span class='ocrx_word' id='word_1_149' title='bbox 798 3053 970 3124; x_wconf 75' lang='lat' dir='ltr'><strong>ruerus</strong></span> <span class='ocrx_word' id='word_1_150' title='bbox 1004 3035 1347 3145; x_wconf 53' lang='lat' dir='ltr'><strong>instaurasse)</strong></span> 
     </span>
    </p>
   </div>
   <div class='ocr_carea' id='block_1_9' title="bbox 225 3442 1694 3627">
    <p class='ocr_par' dir='ltr' id='par_1_10' title="bbox 225 3442 1694 3627">
     <span class='ocr_line' id='line_1_19' title="bbox 225 3442 1694 3520; baseline 0.001 -14"><span class='ocrx_word' id='word_1_151' title='bbox 225 3445 376 3506; x_wconf 75' lang='lat' dir='ltr'><strong>cneus:</strong></span> <span class='ocrx_word' id='word_1_152' title='bbox 399 3443 450 3504; x_wconf 82' lang='lat' dir='ltr'><strong>DE</strong></span> <span class='ocrx_word' id='word_1_153' title='bbox 472 3442 740 3506; x_wconf 79' lang='lat' dir='ltr'><strong>teetatrlottu</strong></span> <span class='ocrx_word' id='word_1_154' title='bbox 762 3443 907 3505; x_wconf 87' lang='lat' dir='ltr'>MOYSIS</span> <span class='ocrx_word' id='word_1_155' title='bbox 928 3445 977 3505; x_wconf 85' lang='grc' dir='ltr'><strong>ΕΤ</strong></span> <span class='ocrx_word' id='word_1_156' title='bbox 999 3445 1102 3507; x_wconf 79' lang='lat' dir='ltr'><strong>ELIAE</strong></span> <span class='ocrx_word' id='word_1_157' title='bbox 1123 3444 1280 3508; x_wconf 79' lang='lat' dir='ltr'><strong>DOMINO</strong></span> <span class='ocrx_word' id='word_1_158' title='bbox 1302 3444 1458 3509; x_wconf 82' lang='lat' dir='ltr'><strong>NOSTRO</strong></span> <span class='ocrx_word' id='word_1_159' title='bbox 1480 3449 1519 3509; x_wconf 88' lang='lat' dir='ltr'><strong>IN</strong></span> <span class='ocrx_word' id='word_1_160' title='bbox 1541 3448 1694 3520; x_wconf 81' lang='lat' dir='ltr'><strong>MONTE,</strong></span> 
     </span>
     <span class='ocr_line' id='line_1_20' title="bbox 507 3568 1407 3627; baseline 0.003 -5"><span class='ocrx_word' id='word_1_161' title='bbox 507 3569 552 3622; x_wconf 74' lang='lat' dir='ltr'><strong>Ex</strong></span> <span class='ocrx_word' id='word_1_162' title='bbox 573 3568 740 3624; x_wconf 82' lang='lat' dir='ltr'><strong>AFRthNl</strong></span> <span class='ocrx_word' id='word_1_163' title='bbox 761 3569 900 3624; x_wconf 79' lang='lat' dir='ltr'><strong>scotus</strong></span> <span class='ocrx_word' id='word_1_164' title='bbox 921 3571 956 3625; x_wconf 87' lang='lat' dir='ltr'><strong>IN</strong></span> <span class='ocrx_word' id='word_1_165' title='bbox 976 3570 1205 3627; x_wconf 69' lang='lat' dir='ltr'><strong>evanuerunt!</strong></span> <span class='ocrx_word' id='word_1_166' title='bbox 1228 3571 1407 3627; x_wconf 75' lang='lat' dir='ltr'><strong>MATTHAEI.</strong></span> 
     </span>
    </p>
   </div>
   <div class='ocr_carea' id='block_1_10' title="bbox 175 3715 1746 4308">
    <p class='ocr_par' dir='ltr' id='par_1_11' title="bbox 175 3715 1746 4308">
     <span class='ocr_line' id='line_1_21' title="bbox 226 3715 1746 3822; baseline 0.003 -32"><span class='ocrx_word' id='word_1_167' title='bbox 226 3717 434 3814; x_wconf 81' lang='lat' dir='ltr'><strong>Recogitabat</strong></span> <span class='ocrx_word' id='word_1_168' title='bbox 450 3715 598 3821; x_wconf 86' lang='lat' dir='ltr'><strong>(Petrus)</strong></span> <span class='ocrx_word' id='word_1_169' title='bbox 617 3733 648 3792; x_wconf 94' lang='lat' dir='ltr'><strong>et</strong></span> <span class='ocrx_word' id='word_1_170' title='bbox 670 3718 864 3820; x_wconf 89' lang='lat' dir='ltr'><strong>loquebatur</strong></span> <span class='ocrx_word' id='word_1_171' title='bbox 881 3749 917 3793; x_wconf 90' lang='lat' dir='ltr'><strong>ac</strong></span> <span class='ocrx_word' id='word_1_172' title='bbox 941 3721 968 3794; x_wconf 89' lang='lat' dir='ltr'><strong>si</strong></span> <span class='ocrx_word' id='word_1_173' title='bbox 986 3721 1107 3794; x_wconf 89' lang='lat' dir='ltr'><strong>diutius</strong></span> <span class='ocrx_word' id='word_1_174' title='bbox 1130 3749 1201 3822; x_wconf 79' lang='lat' dir='ltr'><strong>quae</strong></span> <span class='ocrx_word' id='word_1_175' title='bbox 1223 3735 1298 3794; x_wconf 92' lang='lat' dir='ltr'><strong>tunc</strong></span> <span class='ocrx_word' id='word_1_176' title='bbox 1320 3723 1559 3822; x_wconf 82' lang='lat' dir='ltr'><strong>peragebantur</strong></span> <span class='ocrx_word' id='word_1_177' title='bbox 1578 3722 1618 3794; x_wconf 89' lang='lat' dir='ltr'><strong>ab</strong></span> <span class='ocrx_word' id='word_1_178' title='bbox 1642 3748 1746 3822; x_wconf 87' lang='lat' dir='ltr'><strong>eoque</strong></span> 
     </span>
     <span class='ocr_line' id='line_1_22' title="bbox 177 3838 1745 3944; baseline 0.003 -32"><span class='ocrx_word' id='word_1_179' title='bbox 177 3838 369 3912; x_wconf 85' lang='lat' dir='ltr'><strong>videbantur</strong></span> <span class='ocrx_word' id='word_1_180' title='bbox 379 3867 588 3941; x_wconf 89' lang='lat' dir='ltr'><strong>permansura</strong></span> <span class='ocrx_word' id='word_1_181' title='bbox 604 3841 749 3913; x_wconf 87' lang='lat' dir='ltr'><strong>luissent.</strong></span> <span class='ocrx_word' id='word_1_182' title='bbox 760 3841 981 3915; x_wconf 84' lang='lat' dir='ltr'><strong>Tabernacula</strong></span> <span class='ocrx_word' id='word_1_183' title='bbox 992 3856 1151 3915; x_wconf 83' lang='lat' dir='ltr'><strong>exstruere</strong></span> <span class='ocrx_word' id='word_1_184' title='bbox 1161 3843 1388 3927; x_wconf 89' lang='lat' dir='ltr'><strong>meditabatur,</strong></span> <span class='ocrx_word' id='word_1_185' title='bbox 1398 3870 1463 3916; x_wconf 88' lang='lat' dir='ltr'><strong>non</strong></span> <span class='ocrx_word' id='word_1_186' title='bbox 1474 3843 1658 3942; x_wconf 82' lang='lat' dir='ltr'><strong>intelligens</strong></span> <span class='ocrx_word' id='word_1_187' title='bbox 1666 3843 1745 3944; x_wconf 90' lang='lat' dir='ltr'><strong>quid</strong></span> 
     </span>
     <span class='ocr_line' id='line_1_23' title="bbox 175 3960 1745 4065; baseline 0.003 -33"><span class='ocrx_word' id='word_1_188' title='bbox 175 3960 328 4044; x_wconf 83' lang='lat' dir='ltr'><strong>diceret³,</strong></span> <span class='ocrx_word' id='word_1_189' title='bbox 348 3987 454 4062; x_wconf 91' lang='lat' dir='ltr'><strong>neque</strong></span> <span class='ocrx_word' id='word_1_190' title='bbox 472 3962 640 4034; x_wconf 88' lang='lat' dir='ltr'><strong>attendens</strong></span> <span class='ocrx_word' id='word_1_191' title='bbox 654 3960 738 4034; x_wconf 90' lang='lat' dir='ltr'><strong>banc</strong></span> <span class='ocrx_word' id='word_1_192' title='bbox 754 3963 1073 4061; x_wconf 84' lang='lat' dir='ltr'><strong>transfigurationem</strong></span> <span class='ocrx_word' id='word_1_193' title='bbox 1090 3992 1108 4035; x_wconf 88' lang='lat' dir='ltr'><strong>a</strong></span> <span class='ocrx_word' id='word_1_194' title='bbox 1130 3964 1284 4050; x_wconf 89' lang='lat' dir='ltr'><strong>Domino,</strong></span> <span class='ocrx_word' id='word_1_195' title='bbox 1304 3978 1340 4037; x_wconf 92' lang='lat' dir='ltr'><strong>ut</strong></span> <span class='ocrx_word' id='word_1_196' title='bbox 1360 3978 1613 4065; x_wconf 83' lang='lat' dir='ltr'><strong>praemonuerat,</strong></span> <span class='ocrx_word' id='word_1_197' title='bbox 1633 3965 1745 4065; x_wconf 88' lang='lat' dir='ltr'><strong>perfici</strong></span> 
     </span>
     <span class='ocr_line' id='line_1_24' title="bbox 175 4082 1745 4184; baseline 0.003 -31"><span class='ocrx_word' id='word_1_198' title='bbox 175 4082 210 4153; x_wconf 93' lang='lat' dir='ltr'><strong>in</strong></span> <span class='ocrx_word' id='word_1_199' title='bbox 227 4108 337 4154; x_wconf 89' lang='lat' dir='ltr'><strong>rerum</strong></span> <span class='ocrx_word' id='word_1_200' title='bbox 354 4082 537 4154; x_wconf 88' lang='lat' dir='ltr'><strong>suturarum</strong></span> <span class='ocrx_word' id='word_1_201' title='bbox 553 4097 791 4182; x_wconf 79' lang='lat' dir='ltr'><strong>argumentum.</strong></span> <span class='ocrx_word' id='word_1_202' title='bbox 807 4084 878 4155; x_wconf 91' lang='lat' dir='ltr'><strong>Non</strong></span> <span class='ocrx_word' id='word_1_203' title='bbox 894 4085 1055 4183; x_wconf 84' lang='lat' dir='ltr'><strong>cogitabat</strong></span> <span class='ocrx_word' id='word_1_204' title='bbox 1068 4086 1163 4158; x_wconf 89' lang='lat' dir='ltr'><strong>etiam</strong></span> <span class='ocrx_word' id='word_1_205' title='bbox 1181 4085 1299 4184; x_wconf 76' lang='lat' dir='ltr'><strong>Moysis</strong></span> <span class='ocrx_word' id='word_1_206' title='bbox 1317 4087 1458 4158; x_wconf 90' lang='lat' dir='ltr'><strong>animam</strong></span> <span class='ocrx_word' id='word_1_207' title='bbox 1474 4112 1542 4158; x_wconf 87' lang='lat' dir='ltr'><strong>esse</strong></span> <span class='ocrx_word' id='word_1_208' title='bbox 1560 4085 1745 4159; x_wconf 90' lang='lat' dir='ltr'><strong>destitutam</strong></span> 
     </span>
     <span class='ocr_line' id='line_1_25' title="bbox 177 4204 1538 4308; baseline 0.004 -34"><span class='ocrx_word' id='word_1_209' title='bbox 177 4230 328 4303; x_wconf 88' lang='lat' dir='ltr'><strong>corpore,</strong></span> <span class='ocrx_word' id='word_1_210' title='bbox 346 4204 396 4276; x_wconf 90' lang='lat' dir='ltr'><strong>vel</strong></span> <span class='ocrx_word' id='word_1_211' title='bbox 414 4205 522 4276; x_wconf 89' lang='lat' dir='ltr'><strong>omnia</strong></span> <span class='ocrx_word' id='word_1_212' title='bbox 540 4233 557 4276; x_wconf 89' lang='lat' dir='ltr'><strong>a</strong></span> <span class='ocrx_word' id='word_1_213' title='bbox 576 4205 702 4278; x_wconf 90' lang='lat' dir='ltr'><strong>Christo</strong></span> <span class='ocrx_word' id='word_1_214' title='bbox 719 4204 864 4276; x_wconf 89' lang='lat' dir='ltr'><strong>ordinari</strong></span> <span class='ocrx_word' id='word_1_215' title='bbox 881 4219 917 4276; x_wconf 92' lang='lat' dir='ltr'><strong>ut</strong></span> <span class='ocrx_word' id='word_1_216' title='bbox 935 4206 1081 4279; x_wconf 89' lang='lat' dir='ltr'><strong>homines</strong></span> <span class='ocrx_word' id='word_1_217' title='bbox 1097 4207 1245 4280; x_wconf 86' lang='lat' dir='ltr'><strong>edoceret</strong></span> <span class='ocrx_word' id='word_1_218' title='bbox 1258 4221 1289 4278; x_wconf 93' lang='lat' dir='ltr'><strong>et</strong></span> <span class='ocrx_word' id='word_1_219' title='bbox 1302 4220 1440 4280; x_wconf 86' lang='lat' dir='ltr'><strong>sanaret.</strong></span> <span class='ocrx_word' id='word_1_220' title='bbox 1454 4204 1538 4308; x_wconf 73' lang='lat'><strong>(72)</strong></span> 
     </span>
    </p>
   </div>
   <div class='ocr_carea' id='block_1_11' title="bbox 175 4415 1745 4585">
    <p class='ocr_par' dir='ltr' id='par_1_12' title="bbox 175 4415 1745 4585">
     <span class='ocr_line' id='line_1_26' title="bbox 212 4415 1745 4494; baseline 0.001 -24"><span class='ocrx_word' id='word_1_221' title='bbox 212 4419 221 4449; x_wconf 85' lang='lat'>¹</span> <span class='ocrx_word' id='word_1_222' title='bbox 240 4415 294 4470; x_wconf 84' lang='lat' dir='ltr'><strong>Hoc</strong></span> <span class='ocrx_word' id='word_1_223' title='bbox 307 4415 487 4490; x_wconf 73' lang='lat' dir='ltr'><strong>fragmentum,</strong></span> <span class='ocrx_word' id='word_1_224' title='bbox 500 4417 527 4471; x_wconf 91' lang='lat' dir='ltr'><strong>in</strong></span> <span class='ocrx_word' id='word_1_225' title='bbox 540 4417 713 4490; x_wconf 80' lang='lat' dir='ltr'><strong>inscriptione,</strong></span> <span class='ocrx_word' id='word_1_226' title='bbox 726 4417 846 4472; x_wconf 88' lang='lat' dir='ltr'><strong>tribuitur</strong></span> <span class='ocrx_word' id='word_1_227' title='bbox 860 4416 988 4490; x_wconf 77' lang='lat' dir='ltr'><strong>Hippolyto</strong></span> <span class='ocrx_word' id='word_1_228' title='bbox 1002 4418 1118 4492; x_wconf 70' lang='lat' dir='ltr'><strong>episcopo.</strong></span> <span class='ocrx_word' id='word_1_229' title='bbox 1131 4419 1162 4474; x_wconf 80' lang='lat' dir='ltr'><strong>tt</strong></span> <span class='ocrx_word' id='word_1_230' title='bbox 1177 4419 1268 4494; x_wconf 87' lang='lat' dir='ltr'><strong>liquat,</strong></span> <span class='ocrx_word' id='word_1_231' title='bbox 1282 4419 1308 4474; x_wconf 91' lang='lat' dir='ltr'><strong>in</strong></span> <span class='ocrx_word' id='word_1_232' title='bbox 1321 4419 1372 4474; x_wconf 87' lang='lat' dir='ltr'><strong>fine</strong></span> <span class='ocrx_word' id='word_1_233' title='bbox 1385 4420 1487 4486; x_wconf 77' lang='lat' dir='ltr'><strong>saltem,</strong></span> <span class='ocrx_word' id='word_1_234' title='bbox 1499 4438 1551 4476; x_wconf 64' lang='grc' dir='ltr'><strong>ωε</strong></span> <span class='ocrx_word' id='word_1_235' title='bbox 1563 4419 1677 4494; x_wconf 84' lang='lat' dir='ltr'><strong>quaedam</strong></span> <span class='ocrx_word' id='word_1_236' title='bbox 1689 4437 1745 4493; x_wconf 74' lang='lat' dir='ltr'><strong>quaa</strong></span> 
     </span>
     <span class='ocr_line' id='line_1_27' title="bbox 175 4505 1743 4585; baseline 0.005 -25"><span class='ocrx_word' id='word_1_237' title='bbox 175 4505 207 4562; x_wconf 82' lang='lat' dir='ltr'><strong>ab</strong></span> <span class='ocrx_word' id='word_1_238' title='bbox 225 4516 324 4564; x_wconf 83' lang='lat' dir='ltr'><strong>auctore</strong></span> <span class='ocrx_word' id='word_1_239' title='bbox 340 4527 443 4566; x_wconf 86' lang='lat' dir='ltr'><strong>armano</strong></span> <span class='ocrx_word' id='word_1_240' title='bbox 457 4509 539 4564; x_wconf 82' lang='lat' dir='ltr'><strong>addita</strong></span> <span class='ocrx_word' id='word_1_241' title='bbox 560 4517 626 4564; x_wconf 82' lang='lat' dir='ltr'><strong>sunt.</strong></span> <span class='ocrx_word' id='word_1_242' title='bbox 639 4513 699 4552; x_wconf 88' lang='lat'><strong>-—¹</strong></span> <span class='ocrx_word' id='word_1_243' title='bbox 718 4509 776 4565; x_wconf 77' lang='lat' dir='ltr'><strong>buc.</strong></span> <span class='ocrx_word' id='word_1_244' title='bbox 790 4529 834 4574; x_wconf 86' lang='lat' dir='ltr'><strong>ur,</strong></span> <span class='ocrx_word' id='word_1_245' title='bbox 851 4511 894 4565; x_wconf 70' lang='lat' dir='ltr'><strong>ae.</strong></span> <span class='ocrx_word' id='word_1_246' title='bbox 908 4513 964 4551; x_wconf 83' lang='lat'><strong>-³</strong></span> <span class='ocrx_word' id='word_1_247' title='bbox 983 4509 1059 4566; x_wconf 83' lang='lat' dir='ltr'><strong>More.</strong></span> <span class='ocrx_word' id='word_1_248' title='bbox 1076 4530 1113 4575; x_wconf 86' lang='grc' dir='ltr'><strong>ιι,</strong></span> <span class='ocrx_word' id='word_1_249' title='bbox 1130 4513 1155 4566; x_wconf 87' lang='grc'><strong>5.</strong></span> <span class='ocrx_word' id='word_1_250' title='bbox 1169 4513 1205 4567; x_wconf 84' lang='lat' dir='ltr'><strong>td</strong></span> <span class='ocrx_word' id='word_1_251' title='bbox 1220 4513 1267 4567; x_wconf 87' lang='lat' dir='ltr'><strong>litt.</strong></span> <span class='ocrx_word' id='word_1_252' title='bbox 1284 4524 1361 4567; x_wconf 72' lang='lat' dir='ltr'><strong>motus</strong></span> <span class='ocrx_word' id='word_1_253' title='bbox 1373 4515 1459 4568; x_wconf 72' lang='lat' dir='ltr'><strong>anime</strong></span> <span class='ocrx_word' id='word_1_254' title='bbox 1478 4533 1528 4568; x_wconf 79' lang='lat' dir='ltr'><strong>aare</strong></span> <span class='ocrx_word' id='word_1_255' title='bbox 1540 4533 1586 4566; x_wconf 83' lang='lat' dir='ltr'><strong>ooo</strong></span> <span class='ocrx_word' id='word_1_256' title='bbox 1603 4512 1743 4585; x_wconf 68' lang='lat' dir='ltr'><strong>intelligent.</strong></span> 
     </span>
    </p>
   </div>
   <div class='ocr_carea' id='block_1_12' title="bbox 847 4765 1072 4780">
    <p class='ocr_par' dir='ltr' id='par_1_13' title="bbox 847 4765 1072 4780">
     <span class='ocr_line' id='line_1_28' title="bbox 847 4765 1072 4780; baseline 0.013 -5"><span class='ocrx_word' id='word_1_257' title='bbox 847 4765 1072 4780; x_wconf 56' lang='lat' dir='ltr'><em>m</em></span> 
     </span>
    </p>
   </div>
   <div class='ocr_carea' id='block_1_13' title="bbox 0 0 2017 6098">
    <p class='ocr_par' dir='ltr' id='par_1_14' title="bbox 0 0 2017 6098">
     <span class='ocr_line' id='line_1_29' title="bbox 0 0 2017 6098; baseline 0 0"><span class='ocrx_word' id='word_1_258' title='bbox 0 0 2017 6098; x_wconf 95' lang='lat' dir='ltr'><strong> </strong></span> 
     </span>
    </p>
   </div>
  </div>
 </body>
</html>
