3990 6092
564 604 765 673 SANCTUS
794 605 1041 676 DlONYSlUS
1072 609 1359 676 AREOPAGITA.
1676 613 1742 680 973

174 754 298 854 Collige
319 781 404 827 nunc
432 767 464 826 et
480 754 603 827 occulte
624 755 733 827 omnia
750 755 952 828 Testamenta
973 771 1043 842 tua;
1067 757 1140 858 quis
1162 759 1247 830 enirn
1274 758 1366 831 nobis
1389 759 1539 860 deinceps
1555 761 1745 861 iuterpreta-

174 877 262 951 bitur
280 878 387 950 omnia
399 875 636 976 Prophetarum
647 876 853 948 abscondita¹
869 877 988 950 verba?
998 877 1089 950 Nunc
1099 906 1171 951 cum
1186 879 1343 979 propbeta
1355 881 1451 953 Amos
1460 881 1533 954 licet
1543 882 1602 954 tibi
1613 881 1718 955 dicere
1734 914 1741 954 :

174 999 313 1071 «Pastor
330 997 419 1070 rudis
442 1025 502 1096 ego
520 1001 651 1070 sumt»
668 997 739 1070 Jam
757 998 897 1098 amplius
914 998 972 1070 tibi
995 1026 1122 1072 necesse
1144 999 1205 1072 erit
1224 1001 1326 1074 Paulo
1343 1002 1525 1076 ministrare
1542 1004 1576 1074 in
1592 1003 1743 1091 vinculis;

176 1119 258 1223 [jam
279 1120 418 1220 amplius
438 1119 527 1217 leges
549 1119 661 1192 beatas
684 1120 753 1219 ejus
776 1120 942 1218 epistolas,
962 1147 1019 1192 nec
1043 1120 1181 1220 amplius
1203 1122 1243 1192 ad
1267 1136 1296 1193 te
1318 1124 1436 1196 scribet
1462 1125 1651 1224 apostolus:
1681 1129 1744 1199 aln

175 1267 327 1314 «carcere
352 1255 384 1312 et
410 1240 444 1312 in
466 1239 600 1313 vinculis
630 1239 776 1312 detineor
786 1239 856 1342 ἦν]
878 1242 949 1313 lam
972 1241 1110 1341 amplius
1134 1256 1163 1314 te
1188 1243 1386 1342 torquebunt
1412 1245 1636 1319 tribulationes
1657 1249 1743 1346 ejus,

176 1389 281 1464 neque
297 1363 339 1434 ad
356 1375 386 1434 te
402 1360 538 1434 scribet:
554 1361 786 1434 aPaulusJesu
799 1361 918 1434 Christi
931 1362 1083 1434 vinetusr.
1096 1395 1111 1431 a
1126 1362 1198 1435 Jam
1215 1362 1354 1464 amplius
1373 1378 1427 1437 tuo
1442 1366 1620 1439 ministerio
1638 1369 1745 1466 egebit

175 1483 312 1568 Paulus,
326 1510 385 1555 nec
398 1482 438 1554 de
457 1497 487 1555 te
503 1483 641 1583 amplius
653 1481 695 1556 ad
713 1482 809 1555 urbes
827 1481 935 1556 dicet:
958 1483 1141 1585 sSuscipite
1157 1483 1249 1556 illum
1268 1486 1350 1558 sicut
1363 1487 1581 1587 meipsum⁵.n
1598 1487 1626 1561 Ο
1645 1489 1745 1562 irater

174 1601 220 1676 mi
237 1605 420 1688 Timothee,
444 1630 570 1677 assume
598 1604 656 1676 tibi
680 1604 960 1676 Lamentationum
980 1603 1126 1677 Jeremisr
1157 1605 1277 1678 flebilia
1301 1607 1413 1692 verba,
1440 1622 1472 1680 et
1498 1607 1573 1681 dic:
1602 1609 1744 1683 «Venter

176 1754 307 1811 amens,
324 1739 433 1798 venter
449 1752 541 1798 meus
556 1724 643 1797 dolet
661 1738 691 1797 et
708 1725 861 1798 interiora
884 1752 955 1798 mea
973 1725 1266 1798 conturbanturta
1282 1725 1388 1830 (951)
1407 1728 1487 1811 Quis
1508 1730 1743 1814 contristetur,

175 1847 247 1946 quis
279 1874 345 1920 nou
375 1845 592 1920 circumdetur
621 1845 787 1920 doloribus
815 1846 950 1919 mortis?
978 1846 1166 1919 Sacerdotes
1201 1847 1372 1920 induimini
1402 1848 1520 1933 cilicio;
1552 1849 1677 1950 plorate
1714 1866 1745 1924 ot

175 1967 297 2040 ululate
313 1968 442 2041 diaconi
459 1981 490 2040 et
507 1965 646 2039 ministri
660 1967 779 2040 altaris.
797 1967 887 2039 «Vox
898 1967 932 2039 in
945 1967 1044 2039 Rama
1060 1966 1169 2040 andita
1184 1981 1246 2050 est,
1265 1967 1426 2069 ploratus,
1445 1970 1539 2043 lletus
1557 1987 1588 2043 et
1601 1971 1745 2044 ululatus

175 2089 353 2162 amultus⁷⁸
364 2120 380 2158 n
392 2089 479 2161 Duas
492 2088 604 2189 plagas
622 2115 747 2160 amaras
758 2114 822 2161 una
833 2088 1010 2190 eademque
1026 2087 1110 2171 dies,
1130 2089 1211 2160 duos
1226 2089 1357 2162 nuntios
1374 2118 1485 2188 graves
1503 2090 1544 2164 ad
1560 2118 1618 2165 nos
1639 2093 1746 2165 attulit

175 2236 241 2281 una
258 2210 435 2310 eademque
450 2209 541 2282 bora.
561 2210 652 2282 Nunc
667 2209 784 2282 iterum
802 2208 996 2310 adimpletur
1009 2209 1120 2282 Jacobi
1139 2208 1260 2283 dictum
1277 2240 1285 2282 ε
1304 2211 1485 2310 alosepbus
1503 2239 1568 2284 non
1587 2228 1634 2286 est
1649 2228 1680 2286 et
1692 2214 1745 2286 Si-

176 2323 296 2403 an'ieon
317 2329 456 2403 emedio
472 2330 618 2404 sublatus
634 2335 741 2403 est⁸.n
756 2329 837 2402 Nam
854 2329 1000 2402 Ecclesiae
1012 2330 1212 2402 illuminator
1224 2329 1455 2432 fideliumque⁹
1473 2333 1587 2418 decus,
1606 2334 1743 2419 Paulus,

175 2451 387 2552 llcclesiaeque
405 2452 653 2524 fundamentum
668 2452 921 2551 inconcussaque
940 2451 1052 2533 turris,
1073 2450 1203 2534 Petrus,
1219 2451 1337 2522 sublati
1353 2464 1429 2524 sunt
1443 2452 1483 2524 de
1500 2452 1619 2525 medio.
1639 2453 1744 2527 Hodie

174 2573 399 2673 propheticum
423 2572 620 2672 adimpletur
645 2573 763 2646 dictum
784 2604 792 2645 ι
816 2571 979 2673 «Lapides
1002 2572 1103 2644 sancti
1129 2571 1163 2642 in
1188 2585 1272 2644 terra
1297 2585 1405 2645 nostra
1430 2571 1567 2646 revoluti
1594 2579 1743 2647 sunt¹⁰.n

175 2694 298 2779 Hodie,
307 2695 397 2795 juxta
409 2693 529 2766 dictum
544 2693 732 2767 Dauidicum
745 2727 752 2767 :
767 2693 960 2768 «Dederunt
970 2721 1103 2794 corpora
1120 2721 1285 2768 servorum
1298 2693 1429 2766 Domini
1444 2723 1548 2767 escum
1563 2695 1745 2770 volatilibus

175 2814 272 2888 acoeli
289 2830 321 2888 et
339 2843 473 2917 corpora
497 2830 680 2889 sanctorum
700 2816 759 2888 Dei
777 2816 889 2889 bestiis
907 2820 1069 2888 terrae¹¹.n
1086 2815 1148 2888 Ubi
1161 2809 1272 2888 cursus
1289 2814 1405 2888 Pauli?
1425 2814 1506 2917 [lam
1524 2832 1689 2890 cessarunt
1702 2819 1744 2891 ab

173 2937 325 3010 itinerum
340 2935 503 3040 laborem]
520 2951 550 3010 et
565 2937 792 3039 requieverunt
808 2936 907 3036 pedes
918 2937 1021 3009 sancti
1035 2937 1115 3034 ejus.
1134 2935 1205 3008 lam
1220 2934 1358 3035 amplius
1370 2936 1403 3008 in
1420 2963 1544 3010 carcere
1563 2951 1594 3010 et
1608 2939 1741 3014 vinculis

173 3057 372 3144 detinentur;
385 3061 453 3159 jam
476 3058 615 3159 amplius
633 3057 788 3130 barbaras
811 3057 960 3156 regiones
983 3057 1220 3155 ingrediuntur,
1241 3083 1347 3157 neque
1365 3057 1503 3157 amplius
1521 3059 1618 3132 urbes
1636 3075 1667 3133 et
1687 3063 1741 3132 in-

172 3179 258 3253 sulas
274 3194 458 3281 peragrant.
478 3181 566 3264 Quot
581 3179 614 3249 in
630 3178 738 3261 terris,
757 3191 837 3277 quot
850 3178 885 3247 in
904 3175 1055 3260 urbibus,
1075 3190 1155 3276 quot
1173 3177 1205 3247 in
1221 3177 1278 3247 viis
1298 3176 1455 3250 laboravit
1472 3179 1577 3250 debile
1600 3181 1741 3280 corpus?

173 3301 235 3374 Ubi
252 3314 368 3373 sanctor
385 3327 501 3372 manus
520 3327 590 3400 que
610 3312 659 3371 tot
676 3298 800 3370 divinas
817 3297 970 3397 scripsere
988 3295 1162 3395 epistolas?
1181 3297 1268 3380 Quot
1284 3297 1409 3369 vincula
1427 3326 1445 3369 a
1460 3299 1579 3372 Judaeis
1594 3303 1741 3400 recepit?

172 3421 235 3494 Ubi
251 3432 396 3492 sanetum
414 3447 529 3519 corpus
547 3418 635 3519 quod
649 3431 822 3520 perpetuas
837 3417 912 3490 tulit
925 3416 1060 3517 plagas?
1073 3415 1135 3490 Ubi
1153 3443 1188 3488 os
1204 3415 1357 3517 eloquens
1373 3430 1404 3490 et
1418 3418 1528 3516 lingua
1547 3418 1660 3493 velox?
1678 3421 1739 3494 Ubi

171 3541 297 3641 sapiens
316 3541 531 3640 sapientium?
550 3540 612 3614 Ubi
629 3539 810 3640 profundus
827 3537 1040 3644 philosophus
1057 3565 1259 3640 personaque
1276 3537 1341 3610 Deo
1360 3538 1481 3641 plena?

222 3737 273 3809 lv.
304 3738 414 3812 Frater
431 3737 476 3809 mi
490 3737 673 3824 Timotbee‚
693 3737 927 3811 solemnitatem
950 3737 1134 3809 festivitates
1156 3735 1387 3810 celebrantium
1407 3737 1600 3824 celebrabis,
1617 3740 1739 3813 sacrifi-

171 3859 321 3958 ciumque
336 3859 450 3932 ollares
462 3861 496 3932 in
513 3861 670 3932 honorem
684 3859 816 3932 illorum
828 3859 885 3959 qui
897 3857 1084 3957 semetipsos
1097 3858 1164 3929 Deo
1182 3859 1215 3929 in
1231 3858 1423 3932 sacrificium
1438 3859 1627 3933 obtulerunt
1641 3875 1738 3961 atque

170 4007 224 4051 eos
241 3980 298 4080 qui
315 3994 497 4052 sanctornm
515 3981 704 4054 memoriam
721 3994 858 4076 egerunt
879 3978 1156 4052 commemorabis.
1177 3977 1258 4063 Quis
1285 4005 1351 4051 non
1369 3980 1557 4080 planxisset,
1581 3982 1654 4082 quis
1671 4010 1737 4055 non

169 4099 504 4185 luissetlamentatua
520 4129 575 4174 eos
590 4101 780 4202 quibonorc
795 4100 885 4198 digni
900 4112 994 4171 erant
1006 4100 1055 4172 uti
1069 4099 1231 4172 maleficos
1247 4100 1288 4172 ad
1301 4113 1437 4172 mortem
1455 4101 1589 4174 traditos
1602 4102 1738 4174 videns?

169 4219 313 4294 Olrater
329 4221 375 4293 mi
395 4220 578 4307 Timotheo,
598 4222 625 4294 si
642 4219 773 4294 illorum
789 4219 972 4292 mirabilem
991 4221 1207 4318 conspexisses
1227 4247 1380 4318 agonem,
1399 4222 1481 4294 forte
1503 4222 1629 4294 tristitia
1650 4222 1738 4296 dele-

168 4342 280 4415 cisses!
295 4343 386 4415 Nunc
401 4357 509 4416 autem
524 4344 630 4415 minor
644 4357 691 4414 est
708 4341 836 4416 tristitia
851 4353 923 4424 tua,
937 4341 1013 4440 quia
1031 4367 1086 4412 eos
1104 4367 1170 4412 non
1181 4340 1286 4412 vidisti
1305 4340 1383 4412 dum
1399 4340 1442 4414 od
1462 4344 1606 4441 martyrii
1627 4371 1735 4417 aream
1851 4383 1858 4401 ·

166 4476 388 4564 properarent.
397 4465 476 4548 Quis
487 4469 628 4536 amare¹³
639 4489 703 4534 non
712 4462 849 4534 llevisset
861 4462 973 4532 ambos
982 4461 1028 4532 uti
1042 4475 1144 4532 morte
1154 4460 1586 4561 dignosvidensalligatosU,
1596 4464 1738 4536 turbam·

166 4611 248 4683 que,
263 4583 333 4654 aliis
349 4583 429 4656 alios
444 4582 717 4684 propellentibus,
732 4597 768 4654 ut
781 4608 836 4652 eos
849 4580 1120 4680 contemplaretur
1134 4595 1379 4680 properantem,
1393 4581 1514 4655 ludaeis
1530 4583 1737 4684 Etbnicisque

167 4705 366 4776 venerandos
380 4732 472 4776 senes
493 4705 620 4803 injuriis
638 4703 846 4804 petentibus?
862 4703 942 4786 Quis
954 4699 1065 4803 (959)
1085 4728 1149 4772 non
1165 4702 1258 4773 {leret
1273 4701 1352 4774 dum
1370 4702 1475 4802 plenis
1496 4705 1737 4805 immundisque

167 4825 276 4896 buccis
300 4826 461 4925 myriades
483 4827 516 4898 in
539 4825 635 4898 facies
657 4825 825 4896 amborum
850 4835 1039 4922 expuereut,
1069 4836 1165 4922 atque
1184 4850 1219 4894 ex
1240 4823 1352 4922 quavis
1372 4837 1464 4924 parte
1487 4823 1570 4895 mala
1593 4840 1738 4897 tormen-

207 5106 213 5134 ¹
234 5104 252 5156 l
265 5104 345 5156 omitt.
361 5103 506 5159 abscondita.
520 5137 553 5146 -
567 5109 577 5138 ¹
596 5103 680 5170 Amor,
693 5123 741 5168 vn,
759 5105 799 5158 rb.
815 5105 876 5144 -³
896 5104 915 5156 Α
990 5133 1028 5142 -
1038 5101 1057 5155 B
1069 5101 1156 5155 um.
1167 5103 1226 5141 —⁸
1246 5101 1355 5165 Gestaris,
1365 5119 1426 5164 xcrr,
1436 5103 1541 5156 36.-’
1560 5103 1648 5177 Afidei
1657 5103 1737 5158 decor.

168 5195 248 5248 omitt.
259 5225 296 5236 -—
305 5196 327 5250 ll
340 5195 378 5250 Ad
391 5197 489 5251 llmotlc.
506 5218 528 5263 ι,
546 5199 595 5253 ¹6?
605 5198 663 5238 -l
681 5196 724 5251 un
736 5195 775 5250 Ad
789 5195 917 5267 Ephesios,
991 5197 1056 5236 -Ν
1067 5195 1152 5249 «luem.
1165 5193 1271 5248 bomem.
1287 5213 1318 5257 n,
1331 5213 1355 5247 ι.
1368 5195 1385 5248 l
1396 5195 1559 5250 revolvuntur.
1570 5229 1608 5238 -η
1618 5201 1635 5232 ¹¹
1649 5197 1737 5251 Psalm.

169 5299 211 5350 tn,
224 5310 245 5343 r.
254 5291 309 5328 -‘
321 5288 410 5343 Cerd
421 5289 589 5355 Plitenwnem,
601 5293 717 5364 1,g.-⁴
732 5287 775 5343 Csr
785 5287 871 5342 lm.
884 5305 916 5351 rr,
993 5289 1442 5351 cunn,s.lomirr.mmm.-¹¹
1454 5289 1739 5346 bomin-¹³Aomiu.

173 5401 214 5454 ¹9·
227 5385 244 5437 Α
256 5382 337 5436 omitt.
352 5382 429 5436 semel
441 5395 535 5438 casaur
546 5403 620 5436 ms.
629 5385 682 5424 -t
694 5381 778 5435 laem.
795 5399 861 5445 rur,
875 5381 917 5434 15.
994 5397 1084 5434 nmen.
1094 5411 1132 5420 -
1144 5380 1164 5413 ¹⁴
1183 5381 1203 5434 Α
1216 5381 1384 5434 intermunt
1397 5389 1422 5435 et
1436 5381 1516 5436 omitt.
1529 5381 1618 5437 ambos.

1520 5513 1551 5566 18
