3990 6092
681 593 881 662 SANCTUS
914 593 1213 662 lilPl‘OLYTUS.
1485 596 1491 604 ’
1662 599 1730 667 309

161 738 319 824 videnteS,
338 740 503 842 Scriptura
525 743 636 814 vocati.
657 744 730 816 lllos
754 745 840 816 onim
861 758 986 845 oportet
1008 745 1212 844 simplicitate
1236 759 1267 816 et
1290 745 1432 816 bonitate
1454 758 1584 818 ornatos
1607 773 1674 819 esse
1696 759 1733 819 ut

161 863 328 936 columbae.

219 987 274 1056 13.
304 984 426 1057 nGenae
442 983 528 1055 illius
548 985 629 1056 sicut
652 985 769 1085 phialae
791 1000 973 1058 aromatum
993 987 1120 1058 consitae
1146 1015 1164 1058 a
1189 987 1468 1085 pigmentariis¹.a
1495 987 1563 1058 Hoc
1583 988 1735 1060 discimus

162 1105 252 1188 illos,
272 1105 329 1204 qui
343 1105 510 1177 oculorum
525 1105 720 1178 mundorum
738 1106 771 1178 in
789 1119 897 1178 sancta
911 1107 1051 1178 Ecclesia
1070 1120 1180 1178 tenent
1198 1107 1321 1191 locum,
1336 1120 1482 1206 oportere
1501 1122 1536 1180 ut
1553 1120 1735 1208 preparent

164 1240 195 1298 et
209 1226 374 1325 praebeant
391 1224 544 1310 doctrine
559 1226 760 1325 spiritualem
779 1254 882 1298 escam
899 1230 955 1299 toti
972 1227 1112 1325 corpori,
1132 1220 1335 1299 maxillarum
1353 1255 1425 1327 ope.
1442 1229 1565 1300 «Labia
1583 1231 1652 1328 ejus
1667 1228 1735 1301 lilia

165 1347 379 1419 «distillantia
401 1346 564 1446 myrrham
573 1353 623 1418 ².»
640 1347 684 1419 Os
700 1375 795 1447 porro
814 1361 846 1419 et
863 1347 948 1419 labia
967 1361 1043 1419 sunt
1058 1375 1170 1420 omnes
1189 1347 1336 1420 doctores
1352 1348 1500 1420 Ecclesiae
1515 1365 1648 1432 sanctam
1668 1349 1736 1421 lilia

166 1482 272 1539 autem
292 1482 367 1540 sunt
385 1469 507 1540 munda
522 1469 615 1540 verba
632 1467 672 1540 de
685 1497 740 1542 ore
758 1470 889 1541 illorum
908 1467 1118 1569 profluentia,
1140 1496 1211 1567 quae
1229 1469 1418 1540 irradiantia
1436 1467 1546 1540 lucent
1565 1470 1647 1542 sicut
1667 1469 1737 1541 lilia

167 1602 199 1660 et
215 1589 248 1659 in
270 1589 388 1688 quibus
406 1587 506 1660 stillat
524 1589 604 1661 odor
622 1591 726 1662 suavis
743 1605 775 1662 et
793 1591 935 1672 divinus,
955 1590 1034 1662 dum
1054 1591 1182 1688 myrrha
1200 1591 1357 1662 condiunt
1375 1602 1516 1662 mentem
1535 1590 1737 1670 auditorum,

166 1709 301 1792 scilicet,
318 1710 612 1808 contemptibilem³
626 1711 794 1784 alliciendo
812 1713 895 1783 bano
913 1711 1009 1783 vitam
1027 1725 1221 1783 terrestrem.

165 1891 172 1899 .
224 1831 279 1900 rb.
309 1830 450 1902 ablenus
468 1830 555 1902 illios
573 1831 738 1904 tornatiles
758 1859 879 1913 aureae,
898 1831 1031 1931 sculptae
1047 1833 1081 1903 in
1102 1831 1275 1904 thronumt
1291 1845 1322 1904 et
1339 1833 1443 1932 plenae
1459 1831 1740 1917 tharsisablanus

166 1950 312 2022 Ecclesiae
331 1951 353 2021 ii
370 1967 452 2024 sunt
470 1979 581 2024 omnes
597 1953 716 2050 quibus
736 1952 854 2024 tradita
875 1965 922 2024 est
938 1951 1172 2024 administratio
1195 1953 1390 2034 communis,
1403 1965 1439 2024 ut
1458 1952 1677 2050 eleemosynas
1695 1952 1741 2023 in·

167 2071 351 2168 digentibus
378 2071 585 2144 distribuant.
610 2071 754 2144 silenter
777 2073 846 2170 ejus
873 2071 1051 2155 eburneus,
1074 2071 1243 2144 distinctus
1266 2072 1464 2172 sapphirisn
1488 2070 1675 2172 (Sapbilus)
1695 2087 1741 2144 cst

165 2192 369 2292 sapphirus-⁵.
390 2193 437 2266 lta
456 2177 543 2265 enim
563 2221 632 2266 esse
657 2207 798 2294 oportet,
815 2206 869 2278 ut,
885 2221 958 2274 oum
978 2194 1010 2264 in
1029 2220 1067 2265 eo
1086 2194 1202 2292 scripta
1221 2194 1342 2266 luerint
1359 2193 1455 2265 rerba
1471 2193 1594 2276 divina,
1611 2191 1741 2265 illorum

167 2313 355 2384 memoriam
370 2327 534 2386 conservet
552 2327 706 2415 tanquam
718 2341 779 2412 ope
791 2314 1010 2417 characterum
1021 2314 1204 2385 lucidorum
1218 2327 1250 2385 et
1264 2311 1384 2416 (lectu)
1400 2313 1552 2385 lucilium.
1564 2313 1743 2414 Sapphirus

168 2447 299 2533 aspectu
316 2430 428 2506 similis
446 2434 525 2506 cmlo
541 2449 603 2518 rst,
618 2447 716 2534 atque
734 2461 791 2533 per
809 2434 870 2506 boc
888 2461 948 2505 nos
965 2434 1058 2506 docet
1075 2461 1147 2532 qum
1163 2461 1290 2506 sursum
1306 2447 1382 2506 sunt
1396 2434 1547 2530 cogitare.

184 2607 187 2614 ι
226 2555 281 2626 15.
311 2554 437 2626 alirura
460 2555 549 2626 illius
576 2554 734 2627 columnae
763 2581 969 2640 marmoreae,
996 2581 1068 2654 quae
1090 2554 1234 2626 lundatae
1253 2567 1333 2626 ¹sunt
1354 2581 1451 2654 super
1471 2555 1563 2625 bases
1591 2581 1743 2630 aureas„

168 2675 290 2747 Domus
319 2675 378 2747 Dei
404 2689 452 2748 est
474 2675 625 2748 Ecclesia.
648 2676 750 2748 Crura
775 2690 884 2749 autern
912 2702 1165 2774 marmoreosque
1193 2674 1351 2748 columne
1381 2689 1457 2747 sunt
1483 2674 1531 2746 illi
1555 2676 1612 2774 qui
1638 2675 1746 2746 divino

168 2797 382 2893 gloriosorum
408 2824 543 2896 operum
573 2797 745 2897 splendore
774 2797 893 2869 micant
920 2811 956 2868 ut
981 2823 1134 2878 marmor,
1160 2797 1345 2896 quibusque
1373 2797 1459 2868 basis
1482 2809 1528 2868 est
1549 2823 1622 2868 vera
1647 2796 1744 2878 fides,

169 2918 304 2990 tirmiter
320 2919 481 2990 sustinens
497 2945 593 2989 ornne
605 2917 787 2989 edificium.
802 2917 955 3017 «Species
971 2923 1040 3015 ejus
1057 2931 1091 2989 ut
1108 2917 1258 3000 Libanil,
1279 2917 1398 2989 electus
1414 2931 1449 2988 ut
1461 2917 1584 2989 codri.»
1600 2915 1746 2989 bibanon

169 3067 264 3138 porro
275 3067 368 3112 mons
379 3051 427 3110 est
438 3038 585 3138 pulcher,
596 3052 742 3122 ornatus,
756 3039 890 3136 visuque
899 3037 1136 3120 desiderabilis,
1151 3040 1242 3135 cujus
1257 3039 1423 3109 summitas
1437 3051 1610 3110 coronatur
1624 3038 1743 3120 cedris,

170 3175 200 3232 et
219 3161 375 3233 densitate
394 3186 558 3230 ramorum
577 3158 736 3256 significat
754 3169 904 3229 ornatum
923 3171 955 3228 et
969 3156 1256 3255 pulchritudinem.

228 3281 282 3352 rb.
313 3281 476 3353 «Gutture
497 3279 583 3350 illius
602 3279 798 3349 suaviust»
823 3278 941 3350 Guttur
961 3276 1120 3374 significat
1139 3277 1308 3349 verborum
1326 3278 1507 3349 divinorum
1532 3295 1746 3364 exsecutores,

170 3429 229 3502 per
243 3428 325 3502 quos
342 3401 488 3474 Christus
506 3399 660 3499 loquitur.
682 3398 793 3470 al'alis
808 3411 856 3470 est
871 3379 1132 3480 dilectus-meus,
1152 3411 1183 3470 ct
1203 3398 1269 3497 ipse
1287 3411 1333 3470 est
1350 3399 1455 3470 socius
1476 3427 1584 3484 meus,
1601 3400 1674 3471 fitiae
1690 3401 1748 3474 le-

172 3523 375 3594 nrusalem.n
394 3521 557 3601 Christus,
577 3533 688 3620 utpote
704 3519 861 3592 oriundus
886 3521 926 3592 de
941 3518 1041 3602 luda,
1058 3530 1126 3590 erat
1146 3520 1241 3590 lrater
1266 3533 1298 3590 ct
1312 3520 1417 3592 socius
1437 3520 1485 3591 illi
1503 3521 1559 3620 qui
1578 3521 1691 3594 cecidit
1713 3523 1747 3593 in

171 3670 286 3715 manus
305 3644 477 3714 latronum.
702 3627 704 3632 ¹

228 3792 283 3862 ¹7·
313 3766 411 3847 «Ouo
422 3762 501 3835 abiit
515 3761 650 3835 dilectus
661 3778 751 3848 tuus,
768 3790 786 3835 o
802 3763 1016 3863 pulcherrima
1030 3762 1225 3835 muliorum?
1237 3761 1309 3846 Ouo
1323 3762 1494 3834 declinavit
1504 3763 1640 3836 dilectus
1651 3767 1748 3838 tuus?

172 3886 236 3957 «Er
254 3912 435 3984 quaeremus
457 3913 532 3957 oum
550 3898 694 3956 tecum.»
718 3886 783 3957 tttae
808 3899 894 3992 suut·
910 3885 1025 3957 animae
1051 3883 1238 3982 virginales,
1259 3912 1330 3984 quae
1356 3899 1506 3984 quaerunt
1530 3885 1638 3967 illum,
1657 3913 1745 3985 quae,

172 4005 303 4104 qnando
319 4005 502 4078 didicerunt
520 4007 576 4078 ubi
592 4007 647 4089 sit,
661 4007 798 4078 adorant
809 4005 985 4078 scabellum
1002 4005 1122 4105 pedum
1141 4008 1225 4104 ejus,
1244 4033 1398 4105 quaeque,
1416 4006 1547 4105 quando
1563 4006 1669 4110 sciunt
1682 4034 1746 4105 quo

171 4127 396 4212 declinaverit,
414 4141 530 4228 parant
547 4128 667 4226 seipsas
686 4142 720 4199 ut
738 4152 836 4227 super
850 4155 902 4198 eas
920 4127 1079 4200 reueletur
1095 4127 1192 4198 etiam
1211 4127 1469 4224 gloriabamini.
1491 4125 1503 4228 l
1514 4125 1579 4228 to)

222 4333 270 4390 vr,
294 4335 323 4376 1.
352 4304 521 4376 «Dilectus
544 4331 634 4375 meus
650 4303 816 4375 descendit
832 4301 866 4374 in
886 4301 1017 4374 bortum
1036 4329 1131 4374 suurn
1154 4302 1196 4374 ad
1215 4301 1357 4402 phialam
1378 4303 1486 4374 auri.»
1506 4303 1580 4374 llaec
1602 4304 1748 4376 indicant

171 4427 329 4509 Verbum,
343 4424 586 4508 descendendo,
603 4451 637 4495 sc
655 4452 673 4494 a
690 4423 793 4521 gloria
811 4423 1046 4520 magnitudinis
1065 4449 1130 4494 sua·
1148 4424 1197 4494 ad'
1208 4423 1462 4496 mediocritatem
1481 4437 1621 4496 nostram
1639 4423 1748 4496 hnmi-

167 4549 276 4620 iiasse.
295 4547 416 4619 Hortus
433 4544 614 4644 symbolum
630 4558 677 4616 est
688 4545 911 4644 mysteriorum
922 4545 1178 4642 evangelicorum
1191 4556 1222 4616 et
1236 4545 1350 4616 areola
1366 4558 1546 4617 aromatum
1563 4543 1747 4642 significant

171 4697 277 4741 moros
296 4668 449 4767 optimos,
468 4666 588 4766 quibus
599 4665 686 4737 Deus
701 4665 826 4738 habitat
841 4665 874 4736 in
893 4671 1019 4749 anima,
1038 4671 1075 4736 ut
1091 4679 1266 4765 «pascatur
1281 4665 1314 4736 in
1328 4666 1430 4737 hortis
1443 4679 1474 4737 et
1491 4665 1560 4736 lilia
1578 4664 1745 4762 colligata.

172 4790 294 4862 Hortus
318 4816 414 4890 porro
438 4801 485 4860 est
508 4788 616 4888 anima
636 4813 848 4886 quecumque
869 4786 909 4858 ab
931 4813 968 4858 eo
988 4785 1152 4885 plantata,
1168 4786 1384 4886 virtutemque
1406 4813 1558 4886 operans,
1579 4786 1666 4856 unde
1684 4789 1745 4856 na'·

210 4996 219 5056 ¹,
239 4992 447 5065 Veniosirnplex
467 4991 538 5054 Gerre
554 4991 605 5063 ejut
627 4991 689 5044 sirau
707 4991 848 5063 reperim
866 5009 923 5046 aro-
989 4990 1073 5046 >babet
1082 4991 1284 5054 mimda
1297 4990 1499 5062 tiereim(i)-⁵
1515 4987 1554 5043 nd
1562 4988 1701 5062 marginem
1710 5008 1748 5042 re-

166 5096 281 5148 anatum
305 5101 347 5138 mx
369 5086 463 5150 φιάλαι.
487 5117 525 5126 -
549 5087 559 5118 ¹
579 5083 664 5141 tersio
680 5084 784 5157 simplex
806 5082 876 5136 addit
900 5095 923 5136 et
997 5083 1073 5138 mittit
1092 5083 1112 5137 B
1130 5081 1300 5137 definitionem
1314 5081 1433 5155 sapphiri.
1450 5084 1515 5122 -t
1536 5081 1619 5136 Venio
1642 5081 1747 5154 simplex

173 5179 276 5240 murdim·
300 5194 342 5232 cxi
364 5177 435 5249 pleae
456 5177 724 5250 necropela-1³
748 5175 850 5236 uota
875 5174 923 5230 lert
999 5175 1083 5230 Pectus
1093 5176 1144 5248 ejus
1153 5173 1320 5236 amintam,
1334 5173 1576 5246 eboturproeccdris.
1591 5177 1649 5216 -⁷
1664 5174 1746 5229 Versio

173 5273 342 5336 tium,
356 5271 498 5342 opinionem,
511 5269 742 5333 lucullum»,
755 5275 919 5341 contemptum.
997 5269 1101 5341 simplex
1117 5268 1500 5340 Guttarq'auicutsucidulcea.
1601 5289 1603 5292 ·
1652 5271 1656 5278 '
1725 5289 1728 5296 ¹

174 5364 302 5439 liprmbct
322 5381 404 5418 rorem
420 5363 559 5417 lectionem.
578 5395 614 5404 -
633 5366 642 5397 ⁴
663 5361 722 5415 Cod.
740 5364 758 5415 B
774 5362 825 5415 loro
843 5361 921 5414 tironi
