<?xml version="1.0" encoding="UTF-8"?>
<!DOCTYPE html PUBLIC "-//W3C//DTD XHTML 1.0 Transitional//EN"
    "http://www.w3.org/TR/xhtml1/DTD/xhtml1-transitional.dtd">
<html xmlns="http://www.w3.org/1999/xhtml" xml:lang="en" lang="en">
 <head>
  <title>
</title>
<meta http-equiv="Content-Type" content="text/html;charset=utf-8" />
  <meta name='ocr-system' content='tesseract 3.04.00' />
  <meta name='ocr-capabilities' content='ocr_page ocr_carea ocr_par ocr_line ocrx_word'/>
</head>
<body>
  <div class='ocr_page' id='page_1' title='image "./analectasacrasp03pitrgoog_0505.png"; bbox 0 0 3980 6084; ppageno 0'>
   <div class='ocr_carea' id='block_1_1' title="bbox 254 530 1474 608">
    <p class='ocr_par' dir='ltr' id='par_1_1' title="bbox 254 530 1474 608">
     <span class='ocr_line' id='line_1_1' title="bbox 254 530 1474 608; baseline -0.001 -2"><span class='ocrx_word' id='word_1_1' title='bbox 254 536 322 606; x_wconf 74' lang='lat'>[158</span> <span class='ocrx_word' id='word_1_2' title='bbox 602 539 775 607; x_wconf 75' lang='lat' dir='ltr'>PATRUM</span> <span class='ocrx_word' id='word_1_3' title='bbox 805 539 1205 608; x_wconf 76' lang='lat' dir='ltr'>ANTENICAENOHUM</span> <span class='ocrx_word' id='word_1_4' title='bbox 1237 530 1474 607; x_wconf 71' lang='lat' dir='ltr'>carneum.</span> 
     </span>
    </p>
   </div>
   <div class='ocr_carea' id='block_1_2' title="bbox 230 687 1825 1515">
    <p class='ocr_par' dir='ltr' id='par_1_2' title="bbox 230 687 1825 1515">
     <span class='ocr_line' id='line_1_2' title="bbox 305 687 1825 792; baseline 0.003 -32"><span class='ocrx_word' id='word_1_5' title='bbox 305 688 400 760; x_wconf 83' lang='lat' dir='ltr'>XVll.</span> <span class='ocrx_word' id='word_1_6' title='bbox 429 687 476 760; x_wconf 89' lang='lat' dir='ltr'>Dc</span> <span class='ocrx_word' id='word_1_7' title='bbox 491 687 602 760; x_wconf 73' lang='lat' dir='ltr'>clericis</span> <span class='ocrx_word' id='word_1_8' title='bbox 620 689 674 788; x_wconf 83' lang='lat' dir='ltr'>qui</span> <span class='ocrx_word' id='word_1_9' title='bbox 694 717 805 763; x_wconf 80' lang='lat' dir='ltr'>usuros</span> <span class='ocrx_word' id='word_1_10' title='bbox 824 688 981 788; x_wconf 64' lang='lat' dir='ltr'>accipiunt.</span> <span class='ocrx_word' id='word_1_11' title='bbox 1004 731 1054 744; x_wconf 90' lang='lat'><em>-</em></span> <span class='ocrx_word' id='word_1_12' title='bbox 1079 688 1241 772; x_wconf 80' lang='lat' dir='ltr'><strong>Quoniam</strong></span> <span class='ocrx_word' id='word_1_13' title='bbox 1262 689 1356 762; x_wconf 91' lang='lat' dir='ltr'>multi</span> <span class='ocrx_word' id='word_1_14' title='bbox 1375 691 1410 762; x_wconf 93' lang='lat' dir='ltr'>in</span> <span class='ocrx_word' id='word_1_15' title='bbox 1432 688 1520 762; x_wconf 88' lang='lat' dir='ltr'>clero</span> <span class='ocrx_word' id='word_1_16' title='bbox 1548 689 1728 775; x_wconf 88' lang='lat' dir='ltr'>constituti,</span> <span class='ocrx_word' id='word_1_17' title='bbox 1751 707 1825 792; x_wconf 87' lang='lat' dir='ltr'>post</span> 
     </span>
     <span class='ocr_line' id='line_1_3' title="bbox 255 808 1822 909; baseline 0.003 -29"><span class='ocrx_word' id='word_1_18' title='bbox 255 809 420 881; x_wconf 87' lang='lat' dir='ltr'>avaritiam</span> <span class='ocrx_word' id='word_1_19' title='bbox 442 810 672 909; x_wconf 89' lang='lat' dir='ltr'>impurumque</span> <span class='ocrx_word' id='word_1_20' title='bbox 690 808 816 884; x_wconf 90' lang='lat' dir='ltr'>lucrum</span> <span class='ocrx_word' id='word_1_21' title='bbox 834 810 1011 892; x_wconf 88' lang='lat' dir='ltr'>currendo,</span> <span class='ocrx_word' id='word_1_22' title='bbox 1030 809 1130 882; x_wconf 85' lang='lat' dir='ltr'>divini</span> <span class='ocrx_word' id='word_1_23' title='bbox 1155 810 1229 882; x_wconf 85' lang='lat' dir='ltr'>libri</span> <span class='ocrx_word' id='word_1_24' title='bbox 1250 810 1385 883; x_wconf 88' lang='lat' dir='ltr'>dicentis</span> <span class='ocrx_word' id='word_1_25' title='bbox 1400 811 1492 883; x_wconf 92' lang='lat' dir='ltr'>obliti</span> <span class='ocrx_word' id='word_1_26' title='bbox 1511 823 1604 884; x_wconf 91' lang='lat' dir='ltr'>sunt:</span> <span class='ocrx_word' id='word_1_27' title='bbox 1624 812 1822 884; x_wconf 64' lang='lat' dir='ltr'>«Pecuniam</span> 
     </span>
     <span class='ocr_line' id='line_1_4' title="bbox 255 929 1825 1033; baseline 0.001 -31"><span class='ocrx_word' id='word_1_28' title='bbox 255 957 346 1002; x_wconf 89' lang='lat' dir='ltr'>suam</span> <span class='ocrx_word' id='word_1_29' title='bbox 365 957 432 1002; x_wconf 90' lang='lat' dir='ltr'>non</span> <span class='ocrx_word' id='word_1_30' title='bbox 451 929 541 1001; x_wconf 89' lang='lat' dir='ltr'>dedit</span> <span class='ocrx_word' id='word_1_31' title='bbox 563 929 604 1004; x_wconf 91' lang='lat' dir='ltr'>ad</span> <span class='ocrx_word' id='word_1_32' title='bbox 630 936 820 1017; x_wconf 78' lang='lat' dir='ltr'>usuram¹,s</span> <span class='ocrx_word' id='word_1_33' title='bbox 844 944 877 1003; x_wconf 89' lang='lat' dir='ltr'>et</span> <span class='ocrx_word' id='word_1_34' title='bbox 897 935 1067 1004; x_wconf 65' lang='grc' dir='ltr'>ἐκατοσῖὸν</span> <span class='ocrx_word' id='word_1_35' title='bbox 1084 930 1233 1028; x_wconf 84' lang='lat' dir='ltr'>exigunt,</span> <span class='ocrx_word' id='word_1_36' title='bbox 1249 931 1283 1004; x_wconf 91' lang='lat' dir='ltr'>id</span> <span class='ocrx_word' id='word_1_37' title='bbox 1303 945 1469 1004; x_wconf 86' lang='lat' dir='ltr'>estunam</span> <span class='ocrx_word' id='word_1_38' title='bbox 1489 959 1506 1005; x_wconf 89' lang='lat' dir='ltr'>c</span> <span class='ocrx_word' id='word_1_39' title='bbox 1527 945 1657 1004; x_wconf 89' lang='lat' dir='ltr'>centum</span> <span class='ocrx_word' id='word_1_40' title='bbox 1677 934 1825 1033; x_wconf 85' lang='lat' dir='ltr'>partibus</span> 
     </span>
     <span class='ocr_line' id='line_1_5' title="bbox 255 1051 1822 1152; baseline 0.003 -30"><span class='ocrx_word' id='word_1_41' title='bbox 255 1051 426 1150; x_wconf 84' lang='lat' dir='ltr'>requirunt</span> <span class='ocrx_word' id='word_1_42' title='bbox 438 1055 462 1136; x_wconf 76' lang='lat'>²,</span> <span class='ocrx_word' id='word_1_43' title='bbox 473 1051 631 1148; x_wconf 87' lang='lat' dir='ltr'>judicavit</span> <span class='ocrx_word' id='word_1_44' title='bbox 650 1051 718 1124; x_wconf 80' lang='lat' dir='ltr'>hac</span> <span class='ocrx_word' id='word_1_45' title='bbox 735 1079 852 1151; x_wconf 82' lang='lat' dir='ltr'>inagna</span> <span class='ocrx_word' id='word_1_46' title='bbox 870 1065 901 1124; x_wconf 88' lang='lat' dir='ltr'>et</span> <span class='ocrx_word' id='word_1_47' title='bbox 920 1065 1030 1124; x_wconf 87' lang='lat' dir='ltr'>sancta</span> <span class='ocrx_word' id='word_1_48' title='bbox 1055 1051 1208 1150; x_wconf 73' lang='lat' dir='ltr'>Synodus</span> <span class='ocrx_word' id='word_1_49' title='bbox 1227 1051 1335 1152; x_wconf 92' lang='lat' dir='ltr'>quod,</span> <span class='ocrx_word' id='word_1_50' title='bbox 1352 1052 1395 1137; x_wconf 89' lang='lat' dir='ltr'>si,</span> <span class='ocrx_word' id='word_1_51' title='bbox 1413 1065 1486 1152; x_wconf 85' lang='lat' dir='ltr'>post</span> <span class='ocrx_word' id='word_1_52' title='bbox 1503 1053 1591 1126; x_wconf 90' lang='lat' dir='ltr'>hunc</span> <span class='ocrx_word' id='word_1_53' title='bbox 1607 1053 1712 1126; x_wconf 88' lang='lat' dir='ltr'>latum</span> <span class='ocrx_word' id='word_1_54' title='bbox 1728 1081 1822 1128; x_wconf 90' lang='lat' dir='ltr'>cano-</span> 
     </span>
     <span class='ocr_line' id='line_1_6' title="bbox 256 1172 1822 1272; baseline 0.002 -29"><span class='ocrx_word' id='word_1_55' title='bbox 256 1199 346 1254; x_wconf 90' lang='lat' dir='ltr'>nem,</span> <span class='ocrx_word' id='word_1_56' title='bbox 373 1172 492 1271; x_wconf 89' lang='lat' dir='ltr'>aliquis</span> <span class='ocrx_word' id='word_1_57' title='bbox 514 1199 647 1244; x_wconf 89' lang='lat' dir='ltr'>usuram</span> <span class='ocrx_word' id='word_1_58' title='bbox 674 1200 711 1246; x_wconf 82' lang='lat' dir='ltr'>cx</span> <span class='ocrx_word' id='word_1_59' title='bbox 733 1172 936 1246; x_wconf 88' lang='lat' dir='ltr'>commodato</span> <span class='ocrx_word' id='word_1_60' title='bbox 959 1173 1083 1268; x_wconf 77' lang='lat' dir='ltr'>exigere</span> <span class='ocrx_word' id='word_1_61' title='bbox 1104 1172 1378 1271; x_wconf 82' lang='lat' dir='ltr'>deprehendatur,</span> <span class='ocrx_word' id='word_1_62' title='bbox 1402 1187 1458 1245; x_wconf 88' lang='lat' dir='ltr'>aut</span> <span class='ocrx_word' id='word_1_63' title='bbox 1473 1173 1618 1272; x_wconf 84' lang='lat' dir='ltr'>quodam</span> <span class='ocrx_word' id='word_1_64' title='bbox 1635 1174 1733 1247; x_wconf 88' lang='lat' dir='ltr'>modo</span> <span class='ocrx_word' id='word_1_65' title='bbox 1755 1203 1822 1248; x_wconf 86' lang='lat' dir='ltr'>rem</span> 
     </span>
     <span class='ocr_line' id='line_1_7' title="bbox 230 1285 1823 1394; baseline 0.002 -29"><span class='ocrx_word' id='word_1_66' title='bbox 230 1285 407 1376; x_wconf 83' lang='lat' dir='ltr'>attentet,</span> <span class='ocrx_word' id='word_1_67' title='bbox 430 1307 487 1366; x_wconf 89' lang='lat' dir='ltr'>aut</span> <span class='ocrx_word' id='word_1_68' title='bbox 512 1293 680 1378; x_wconf 90' lang='lat' dir='ltr'>dimidias,</span> <span class='ocrx_word' id='word_1_69' title='bbox 701 1294 734 1365; x_wconf 92' lang='lat' dir='ltr'>id</span> <span class='ocrx_word' id='word_1_70' title='bbox 758 1308 822 1378; x_wconf 90' lang='lat' dir='ltr'>est,</span> <span class='ocrx_word' id='word_1_71' title='bbox 847 1294 988 1366; x_wconf 88' lang='lat' dir='ltr'>mediam</span> <span class='ocrx_word' id='word_1_72' title='bbox 1008 1294 1091 1366; x_wconf 91' lang='lat' dir='ltr'>lucri</span> <span class='ocrx_word' id='word_1_73' title='bbox 1116 1307 1239 1392; x_wconf 87' lang='lat' dir='ltr'>partem</span> <span class='ocrx_word' id='word_1_74' title='bbox 1268 1293 1387 1391; x_wconf 82' lang='lat' dir='ltr'>exigat,</span> <span class='ocrx_word' id='word_1_75' title='bbox 1410 1308 1466 1366; x_wconf 87' lang='lat' dir='ltr'>aut</span> <span class='ocrx_word' id='word_1_76' title='bbox 1491 1294 1617 1394; x_wconf 90' lang='lat' dir='ltr'>aliquid</span> <span class='ocrx_word' id='word_1_77' title='bbox 1637 1295 1823 1394; x_wconf 84' lang='lat' dir='ltr'>hujusmodi</span> 
     </span>
     <span class='ocr_line' id='line_1_8' title="bbox 256 1414 1824 1515; baseline 0.003 -31"><span class='ocrx_word' id='word_1_78' title='bbox 256 1428 388 1514; x_wconf 89' lang='lat' dir='ltr'>propter</span> <span class='ocrx_word' id='word_1_79' title='bbox 413 1428 506 1514; x_wconf 81' lang='lat' dir='ltr'>turpe</span> <span class='ocrx_word' id='word_1_80' title='bbox 530 1414 657 1488; x_wconf 89' lang='lat' dir='ltr'>lucrum</span> <span class='ocrx_word' id='word_1_81' title='bbox 682 1415 853 1512; x_wconf 72' lang='lat' dir='ltr'>excogitet,</span> <span class='ocrx_word' id='word_1_82' title='bbox 878 1415 951 1487; x_wconf 89' lang='lat' dir='ltr'>talis</span> <span class='ocrx_word' id='word_1_83' title='bbox 974 1414 1257 1515; x_wconf 87' lang='lat' dir='ltr'>deponcndusest</span> <span class='ocrx_word' id='word_1_84' title='bbox 1280 1414 1320 1487; x_wconf 93' lang='lat' dir='ltr'>de</span> <span class='ocrx_word' id='word_1_85' title='bbox 1344 1415 1430 1488; x_wconf 87' lang='lat' dir='ltr'>clero</span> <span class='ocrx_word' id='word_1_86' title='bbox 1456 1429 1487 1488; x_wconf 89' lang='lat' dir='ltr'>ct</span> <span class='ocrx_word' id='word_1_87' title='bbox 1511 1416 1628 1490; x_wconf 90' lang='lat' dir='ltr'>canoni</span> <span class='ocrx_word' id='word_1_88' title='bbox 1656 1430 1824 1490; x_wconf 82' lang='lat' dir='ltr'>extraneus</span> 
     </span>
    </p>
   </div>
   <div class='ocr_carea' id='block_1_3' title="bbox 256 1535 437 1610">
    <p class='ocr_par' dir='ltr' id='par_1_3' title="bbox 256 1535 437 1610">
     <span class='ocr_line' id='line_1_9' title="bbox 256 1535 437 1610; baseline -0.006 -3"><span class='ocrx_word' id='word_1_89' title='bbox 256 1535 437 1610; x_wconf 86' lang='lat' dir='ltr'>habendus.</span> 
     </span>
    </p>
   </div>
   <div class='ocr_carea' id='block_1_4' title="bbox 256 1729 1826 2076">
    <p class='ocr_par' dir='ltr' id='par_1_4' title="bbox 256 1729 1826 2076">
     <span class='ocr_line' id='line_1_10' title="bbox 309 1729 1826 1831; baseline 0 -29"><span class='ocrx_word' id='word_1_90' title='bbox 309 1729 419 1802; x_wconf 88' lang='lat' dir='ltr'>XVlll.</span> <span class='ocrx_word' id='word_1_91' title='bbox 451 1731 493 1802; x_wconf 87' lang='lat' dir='ltr'>lle</span> <span class='ocrx_word' id='word_1_92' title='bbox 505 1731 639 1830; x_wconf 79' lang='lat' dir='ltr'>primata</span> <span class='ocrx_word' id='word_1_93' title='bbox 654 1730 774 1802; x_wconf 74' lang='lat' dir='ltr'>lionoris</span> <span class='ocrx_word' id='word_1_94' title='bbox 788 1731 995 1802; x_wconf 84' lang='lat' dir='ltr'>sacerdotum:</span> <span class='ocrx_word' id='word_1_95' title='bbox 1018 1731 1097 1831; x_wconf 81' lang='lat' dir='ltr'>qaod</span> <span class='ocrx_word' id='word_1_96' title='bbox 1113 1731 1229 1804; x_wconf 78' lang='lat' dir='ltr'>diaconi</span> <span class='ocrx_word' id='word_1_97' title='bbox 1247 1731 1418 1804; x_wconf 64' lang='lat' dir='ltr'>oblatorem</span> <span class='ocrx_word' id='word_1_98' title='bbox 1439 1732 1635 1804; x_wconf 73' lang='lat' dir='ltr'>sacedotibas</span> <span class='ocrx_word' id='word_1_99' title='bbox 1658 1731 1826 1802; x_wconf 79' lang='lat' dir='ltr'>ministrare</span> 
     </span>
     <span class='ocr_line' id='line_1_11' title="bbox 257 1849 1824 1954; baseline 0.001 -32"><span class='ocrx_word' id='word_1_100' title='bbox 257 1879 314 1922; x_wconf 83' lang='lat' dir='ltr'>con</span> <span class='ocrx_word' id='word_1_101' title='bbox 329 1851 441 1923; x_wconf 81' lang='lat' dir='ltr'>dcbcct.</span> <span class='ocrx_word' id='word_1_102' title='bbox 458 1895 509 1906; x_wconf 92' lang='lat'>-</span> <span class='ocrx_word' id='word_1_103' title='bbox 523 1849 634 1954; x_wconf 73' lang='lat'>(233)</span> <span class='ocrx_word' id='word_1_104' title='bbox 648 1852 697 1923; x_wconf 81' lang='lat' dir='ltr'>Ad</span> <span class='ocrx_word' id='word_1_105' title='bbox 714 1879 826 1925; x_wconf 88' lang='lat' dir='ltr'>aurem</span> <span class='ocrx_word' id='word_1_106' title='bbox 844 1879 970 1950; x_wconf 75' lang='lat' dir='ltr'>magnas</span> <span class='ocrx_word' id='word_1_107' title='bbox 985 1867 1019 1926; x_wconf 91' lang='lat' dir='ltr'>et</span> <span class='ocrx_word' id='word_1_108' title='bbox 1033 1867 1150 1925; x_wconf 76' lang='lat' dir='ltr'>sanctas</span> <span class='ocrx_word' id='word_1_109' title='bbox 1165 1854 1289 1952; x_wconf 65' lang='lat' dir='ltr'>Synodi</span> <span class='ocrx_word' id='word_1_110' title='bbox 1310 1855 1455 1954; x_wconf 82' lang='lat' dir='ltr'>pervenit</span> <span class='ocrx_word' id='word_1_111' title='bbox 1469 1853 1558 1954; x_wconf 92' lang='lat' dir='ltr'>quod</span> <span class='ocrx_word' id='word_1_112' title='bbox 1576 1854 1609 1925; x_wconf 89' lang='lat' dir='ltr'>in</span> <span class='ocrx_word' id='word_1_113' title='bbox 1630 1853 1824 1953; x_wconf 86' lang='lat' dir='ltr'>quibusdam</span> 
     </span>
     <span class='ocr_line' id='line_1_12' title="bbox 256 1973 1825 2076; baseline 0.001 -32"><span class='ocrx_word' id='word_1_114' title='bbox 256 1973 335 2046; x_wconf 93' lang='lat' dir='ltr'>locis</span> <span class='ocrx_word' id='word_1_115' title='bbox 355 1988 387 2045; x_wconf 90' lang='lat' dir='ltr'>et</span> <span class='ocrx_word' id='word_1_116' title='bbox 411 1973 592 2046; x_wconf 86' lang='lat' dir='ltr'>civitatibus</span> <span class='ocrx_word' id='word_1_117' title='bbox 610 1973 739 2046; x_wconf 90' lang='lat' dir='ltr'>diaconi</span> <span class='ocrx_word' id='word_1_118' title='bbox 757 1973 955 2046; x_wconf 86' lang='lat' dir='ltr'>oblationem</span> <span class='ocrx_word' id='word_1_119' title='bbox 980 1975 1199 2048; x_wconf 82' lang='lat' dir='ltr'>sacerdotibus</span> <span class='ocrx_word' id='word_1_120' title='bbox 1218 1976 1423 2048; x_wconf 77' lang='lat' dir='ltr'>ministrent:</span> <span class='ocrx_word' id='word_1_121' title='bbox 1445 1975 1551 2075; x_wconf 88' lang='lat' dir='ltr'>quod,</span> <span class='ocrx_word' id='word_1_122' title='bbox 1572 2001 1679 2076; x_wconf 88' lang='lat' dir='ltr'>neque</span> <span class='ocrx_word' id='word_1_123' title='bbox 1703 2001 1825 2058; x_wconf 86' lang='lat' dir='ltr'>canon,</span> 
     </span>
    </p>
   </div>
   <div class='ocr_carea' id='block_1_5' title="bbox 256 2093 1831 3040">
    <p class='ocr_par' dir='ltr' id='par_1_5' title="bbox 256 2093 1831 3040">
     <span class='ocr_line' id='line_1_13' title="bbox 257 2093 1826 2196; baseline 0 -30"><span class='ocrx_word' id='word_1_124' title='bbox 257 2121 363 2193; x_wconf 88' lang='lat' dir='ltr'>neque</span> <span class='ocrx_word' id='word_1_125' title='bbox 391 2094 591 2166; x_wconf 91' lang='lat' dir='ltr'>consuetudo</span> <span class='ocrx_word' id='word_1_126' title='bbox 619 2093 767 2178; x_wconf 80' lang='lat' dir='ltr'>tradidit,</span> <span class='ocrx_word' id='word_1_127' title='bbox 792 2095 930 2178; x_wconf 86' lang='lat' dir='ltr'>scilicet,</span> <span class='ocrx_word' id='word_1_128' title='bbox 957 2109 994 2167; x_wconf 91' lang='lat' dir='ltr'>ut</span> <span class='ocrx_word' id='word_1_129' title='bbox 1015 2095 1038 2166; x_wconf 89' lang='lat' dir='ltr'>ii</span> <span class='ocrx_word' id='word_1_130' title='bbox 1070 2095 1190 2196; x_wconf 87' lang='lat' dir='ltr'>quihus</span> <span class='ocrx_word' id='word_1_131' title='bbox 1210 2095 1366 2168; x_wconf 87' lang='lat' dir='ltr'>ollercndi</span> <span class='ocrx_word' id='word_1_132' title='bbox 1391 2121 1457 2168; x_wconf 92' lang='lat' dir='ltr'>non</span> <span class='ocrx_word' id='word_1_133' title='bbox 1477 2109 1525 2168; x_wconf 84' lang='lat' dir='ltr'>est</span> <span class='ocrx_word' id='word_1_134' title='bbox 1548 2108 1688 2194; x_wconf 82' lang='lat' dir='ltr'>potestas</span> <span class='ocrx_word' id='word_1_135' title='bbox 1710 2095 1752 2168; x_wconf 85' lang='lat' dir='ltr'>iis</span> <span class='ocrx_word' id='word_1_136' title='bbox 1767 2095 1826 2194; x_wconf 86' lang='lat' dir='ltr'>qui</span> 
     </span>
     <span class='ocr_line' id='line_1_14' title="bbox 256 2213 1827 2316; baseline -0.001 -30"><span class='ocrx_word' id='word_1_137' title='bbox 256 2215 372 2286; x_wconf 83' lang='lat' dir='ltr'>offerre</span> <span class='ocrx_word' id='word_1_138' title='bbox 394 2229 530 2315; x_wconf 85' lang='lat' dir='ltr'>possunt</span> <span class='ocrx_word' id='word_1_139' title='bbox 552 2241 669 2314; x_wconf 91' lang='lat' dir='ltr'>corpus</span> <span class='ocrx_word' id='word_1_140' title='bbox 694 2214 812 2288; x_wconf 87' lang='lat' dir='ltr'>Christi</span> <span class='ocrx_word' id='word_1_141' title='bbox 829 2215 1023 2288; x_wconf 84' lang='lat' dir='ltr'>ministrent.</span> <span class='ocrx_word' id='word_1_142' title='bbox 1052 2217 1170 2288; x_wconf 92' lang='lat' dir='ltr'>Notum</span> <span class='ocrx_word' id='word_1_143' title='bbox 1194 2230 1242 2288; x_wconf 88' lang='lat' dir='ltr'>est</span> <span class='ocrx_word' id='word_1_144' title='bbox 1265 2217 1350 2288; x_wconf 90' lang='lat' dir='ltr'>enim</span> <span class='ocrx_word' id='word_1_145' title='bbox 1376 2216 1527 2288; x_wconf 90' lang='lat' dir='ltr'>diaconos</span> <span class='ocrx_word' id='word_1_146' title='bbox 1553 2213 1729 2316; x_wconf 81' lang='lat' dir='ltr'>[quosdam</span> <span class='ocrx_word' id='word_1_147' title='bbox 1751 2227 1827 2286; x_wconf 86' lang='lat' dir='ltr'>aute</span> 
     </span>
     <span class='ocr_line' id='line_1_15' title="bbox 256 2333 1826 2435; baseline -0.001 -28"><span class='ocrx_word' id='word_1_148' title='bbox 256 2336 422 2434; x_wconf 90' lang='lat' dir='ltr'>episcopos</span> <span class='ocrx_word' id='word_1_149' title='bbox 442 2336 677 2408; x_wconf 87' lang='lat' dir='ltr'>Eucharistiam</span> <span class='ocrx_word' id='word_1_150' title='bbox 698 2363 839 2408; x_wconf 88' lang='lat' dir='ltr'>sumere.</span> <span class='ocrx_word' id='word_1_151' title='bbox 862 2335 937 2408; x_wconf 74' lang='lat' dir='ltr'>llaec</span> <span class='ocrx_word' id='word_1_152' title='bbox 955 2337 1064 2410; x_wconf 90' lang='lat' dir='ltr'>omnia</span> <span class='ocrx_word' id='word_1_153' title='bbox 1089 2337 1190 2434; x_wconf 89' lang='lat' dir='ltr'>igitur</span> <span class='ocrx_word' id='word_1_154' title='bbox 1211 2337 1401 2411; x_wconf 87' lang='lat' dir='ltr'>aulerantur</span> <span class='ocrx_word' id='word_1_155' title='bbox 1425 2351 1458 2410; x_wconf 91' lang='lat' dir='ltr'>et</span> <span class='ocrx_word' id='word_1_156' title='bbox 1481 2349 1637 2410; x_wconf 87' lang='lat' dir='ltr'>maneant</span> <span class='ocrx_word' id='word_1_157' title='bbox 1658 2333 1826 2435; x_wconf 79' lang='lat' dir='ltr'>diaconi³]</span> 
     </span>
     <span class='ocr_line' id='line_1_16' title="bbox 257 2456 1827 2557; baseline 0 -29"><span class='ocrx_word' id='word_1_158' title='bbox 257 2457 291 2528; x_wconf 92' lang='lat' dir='ltr'>in</span> <span class='ocrx_word' id='word_1_159' title='bbox 310 2457 414 2552; x_wconf 91' lang='lat' dir='ltr'>gradu</span> <span class='ocrx_word' id='word_1_160' title='bbox 428 2484 503 2541; x_wconf 89' lang='lat' dir='ltr'>suo,</span> <span class='ocrx_word' id='word_1_161' title='bbox 518 2471 687 2528; x_wconf 87' lang='lat' dir='ltr'>noscentcs</span> <span class='ocrx_word' id='word_1_162' title='bbox 705 2457 888 2556; x_wconf 89' lang='lat' dir='ltr'>sequidem</span> <span class='ocrx_word' id='word_1_163' title='bbox 906 2484 974 2530; x_wconf 90' lang='lat' dir='ltr'>esse</span> <span class='ocrx_word' id='word_1_164' title='bbox 991 2458 1215 2557; x_wconf 89' lang='lat' dir='ltr'>episcopcrum</span> <span class='ocrx_word' id='word_1_165' title='bbox 1226 2456 1395 2542; x_wconf 87' lang='lat' dir='ltr'>diaconos,</span> <span class='ocrx_word' id='word_1_166' title='bbox 1415 2457 1554 2530; x_wconf 90' lang='lat' dir='ltr'>multum</span> <span class='ocrx_word' id='word_1_167' title='bbox 1568 2469 1677 2530; x_wconf 88' lang='lat' dir='ltr'>tamen</span> <span class='ocrx_word' id='word_1_168' title='bbox 1695 2457 1827 2556; x_wconf 77' lang='lat' dir='ltr'>presby-</span> 
     </span>
     <span class='ocr_line' id='line_1_17' title="bbox 258 2576 1827 2678; baseline -0.001 -30"><span class='ocrx_word' id='word_1_169' title='bbox 258 2577 334 2648; x_wconf 91' lang='lat' dir='ltr'>teris</span> <span class='ocrx_word' id='word_1_170' title='bbox 361 2576 528 2650; x_wconf 80' lang='lat' dir='ltr'>inferiores</span> <span class='ocrx_word' id='word_1_171' title='bbox 552 2604 639 2658; x_wconf 88' lang='lat' dir='ltr'>esse,</span> <span class='ocrx_word' id='word_1_172' title='bbox 664 2576 751 2648; x_wconf 92' lang='lat' dir='ltr'>unde</span> <span class='ocrx_word' id='word_1_173' title='bbox 773 2603 901 2649; x_wconf 89' lang='lat' dir='ltr'>sumere</span> <span class='ocrx_word' id='word_1_174' title='bbox 926 2576 1047 2650; x_wconf 87' lang='lat' dir='ltr'>dehent</span> <span class='ocrx_word' id='word_1_175' title='bbox 1066 2577 1262 2651; x_wconf 87' lang='lat' dir='ltr'>oblationem</span> <span class='ocrx_word' id='word_1_176' title='bbox 1292 2590 1365 2678; x_wconf 87' lang='lat' dir='ltr'>post</span> <span class='ocrx_word' id='word_1_177' title='bbox 1386 2577 1747 2678; x_wconf 88' lang='lat' dir='ltr'>sacerdotcs‚episcopo</span> <span class='ocrx_word' id='word_1_178' title='bbox 1770 2590 1827 2648; x_wconf 88' lang='lat' dir='ltr'>aut</span> 
     </span>
     <span class='ocr_line' id='line_1_18' title="bbox 257 2696 1828 2797; baseline 0.001 -30"><span class='ocrx_word' id='word_1_179' title='bbox 257 2696 422 2769; x_wconf 87' lang='lat' dir='ltr'>sacerdote</span> <span class='ocrx_word' id='word_1_180' title='bbox 440 2725 510 2768; x_wconf 86' lang='lat' dir='ltr'>eam</span> <span class='ocrx_word' id='word_1_181' title='bbox 525 2697 603 2797; x_wconf 88' lang='lat' dir='ltr'>ipsis</span> <span class='ocrx_word' id='word_1_182' title='bbox 613 2697 826 2768; x_wconf 83' lang='lat' dir='ltr'>ministrante.</span> <span class='ocrx_word' id='word_1_183' title='bbox 843 2698 906 2769; x_wconf 88' lang='lat' dir='ltr'>Nec</span> <span class='ocrx_word' id='word_1_184' title='bbox 923 2697 1006 2769; x_wconf 88' lang='lat' dir='ltr'>iuter</span> <span class='ocrx_word' id='word_1_185' title='bbox 1020 2697 1202 2770; x_wconf 88' lang='lat' dir='ltr'>sacerdotes</span> <span class='ocrx_word' id='word_1_186' title='bbox 1213 2697 1365 2770; x_wconf 90' lang='lat' dir='ltr'>diaconos</span> <span class='ocrx_word' id='word_1_187' title='bbox 1376 2698 1451 2770; x_wconf 86' lang='lat' dir='ltr'>licet</span> <span class='ocrx_word' id='word_1_188' title='bbox 1462 2698 1584 2770; x_wconf 86' lang='lat' dir='ltr'>sedere.</span> <span class='ocrx_word' id='word_1_189' title='bbox 1597 2699 1717 2771; x_wconf 82' lang='lat' dir='ltr'>Contra</span> <span class='ocrx_word' id='word_1_190' title='bbox 1731 2724 1828 2768; x_wconf 90' lang='lat' dir='ltr'>cano-</span> 
     </span>
     <span class='ocr_line' id='line_1_19' title="bbox 259 2817 1831 2920; baseline -0.001 -32"><span class='ocrx_word' id='word_1_191' title='bbox 259 2845 333 2888; x_wconf 89' lang='lat' dir='ltr'>nem</span> <span class='ocrx_word' id='word_1_192' title='bbox 352 2818 439 2888; x_wconf 90' lang='lat' dir='ltr'>enim</span> <span class='ocrx_word' id='word_1_193' title='bbox 455 2831 503 2889; x_wconf 89' lang='lat' dir='ltr'>est</span> <span class='ocrx_word' id='word_1_194' title='bbox 518 2831 549 2889; x_wconf 87' lang='lat' dir='ltr'>et</span> <span class='ocrx_word' id='word_1_195' title='bbox 565 2831 675 2889; x_wconf 88' lang='lat' dir='ltr'>contra</span> <span class='ocrx_word' id='word_1_196' title='bbox 693 2817 841 2890; x_wconf 89' lang='lat' dir='ltr'>ordinem</span> <span class='ocrx_word' id='word_1_197' title='bbox 860 2818 948 2917; x_wconf 92' lang='lat' dir='ltr'>quod</span> <span class='ocrx_word' id='word_1_198' title='bbox 964 2819 1082 2890; x_wconf 88' lang='lat' dir='ltr'>lactum</span> <span class='ocrx_word' id='word_1_199' title='bbox 1101 2831 1158 2891; x_wconf 87' lang='lat' dir='ltr'>cst.</span> <span class='ocrx_word' id='word_1_200' title='bbox 1174 2818 1269 2901; x_wconf 88' lang='lat' dir='ltr'>Quod</span> <span class='ocrx_word' id='word_1_201' title='bbox 1288 2819 1314 2890; x_wconf 90' lang='lat' dir='ltr'>si</span> <span class='ocrx_word' id='word_1_202' title='bbox 1330 2817 1464 2920; x_wconf 89' lang='lat' dir='ltr'>aliquis,</span> <span class='ocrx_word' id='word_1_203' title='bbox 1483 2819 1652 2920; x_wconf 88' lang='lat' dir='ltr'>posthanc</span> <span class='ocrx_word' id='word_1_204' title='bbox 1669 2818 1831 2891; x_wconf 87' lang='lat' dir='ltr'>delinitio-</span> 
     </span>
     <span class='ocr_line' id='line_1_20' title="bbox 260 2937 1172 3040; baseline 0.001 -31"><span class='ocrx_word' id='word_1_205' title='bbox 260 2965 352 3022; x_wconf 88' lang='lat' dir='ltr'>nem,</span> <span class='ocrx_word' id='word_1_206' title='bbox 371 2937 559 3038; x_wconf 86' lang='lat' dir='ltr'>persuaderi</span> <span class='ocrx_word' id='word_1_207' title='bbox 576 2938 733 3024; x_wconf 90' lang='lat' dir='ltr'>noluerit,</span> <span class='ocrx_word' id='word_1_208' title='bbox 754 2967 771 3009; x_wconf 90' lang='lat' dir='ltr'>a</span> <span class='ocrx_word' id='word_1_209' title='bbox 788 2938 961 3012; x_wconf 88' lang='lat' dir='ltr'>diaconatu</span> <span class='ocrx_word' id='word_1_210' title='bbox 980 2940 1172 3040; x_wconf 87' lang='lat' dir='ltr'>deponatur.</span> 
     </span>
    </p>
   </div>
   <div class='ocr_carea' id='block_1_6' title="bbox 261 3132 1835 4197">
    <p class='ocr_par' dir='ltr' id='par_1_6' title="bbox 261 3132 1835 4197">
     <span class='ocr_line' id='line_1_21' title="bbox 311 3132 1831 3233; baseline 0 -29"><span class='ocrx_word' id='word_1_211' title='bbox 311 3133 389 3205; x_wconf 88' lang='lat' dir='ltr'>lllX.</span> <span class='ocrx_word' id='word_1_212' title='bbox 418 3132 464 3204; x_wconf 82' lang='lat' dir='ltr'>lle</span> <span class='ocrx_word' id='word_1_213' title='bbox 486 3133 677 3205; x_wconf 70' lang='lat' dir='ltr'>Poulionrctis</span> <span class='ocrx_word' id='word_1_214' title='bbox 697 3134 757 3205; x_wconf 83' lang='lat' dir='ltr'>illis</span> <span class='ocrx_word' id='word_1_215' title='bbox 779 3134 832 3233; x_wconf 83' lang='lat' dir='ltr'>pai</span> <span class='ocrx_word' id='word_1_216' title='bbox 855 3133 987 3206; x_wconf 74' lang='lat' dir='ltr'>heresim</span> <span class='ocrx_word' id='word_1_217' title='bbox 1004 3133 1094 3206; x_wconf 83' lang='lat' dir='ltr'>Pauli</span> <span class='ocrx_word' id='word_1_218' title='bbox 1116 3133 1301 3206; x_wconf 84' lang='lat' dir='ltr'>Samosotcui</span> <span class='ocrx_word' id='word_1_219' title='bbox 1318 3148 1420 3206; x_wconf 73' lang='lat' dir='ltr'>terrem.</span> <span class='ocrx_word' id='word_1_220' title='bbox 1450 3177 1500 3188; x_wconf 89' lang='lat'><em>-</em></span> <span class='ocrx_word' id='word_1_221' title='bbox 1515 3134 1678 3218; x_wconf 82' lang='lat' dir='ltr'>Quoniam</span> <span class='ocrx_word' id='word_1_222' title='bbox 1697 3133 1831 3232; x_wconf 86' lang='lat' dir='ltr'>quidam</span> 
     </span>
     <span class='ocr_line' id='line_1_22' title="bbox 261 3253 1832 3356; baseline -0.001 -30"><span class='ocrx_word' id='word_1_223' title='bbox 261 3253 466 3326; x_wconf 88' lang='lat' dir='ltr'>Paulianistae</span> <span class='ocrx_word' id='word_1_224' title='bbox 476 3255 568 3338; x_wconf 89' lang='lat' dir='ltr'>lacti,</span> <span class='ocrx_word' id='word_1_225' title='bbox 584 3269 696 3356; x_wconf 86' lang='lat' dir='ltr'>postea</span> <span class='ocrx_word' id='word_1_226' title='bbox 709 3255 749 3326; x_wconf 92' lang='lat' dir='ltr'>ad</span> <span class='ocrx_word' id='word_1_227' title='bbox 760 3254 935 3328; x_wconf 81' lang='lat' dir='ltr'>Ecclesiam</span> <span class='ocrx_word' id='word_1_228' title='bbox 949 3256 1165 3352; x_wconf 81' lang='lat' dir='ltr'>confugerunt</span> <span class='ocrx_word' id='word_1_229' title='bbox 1178 3255 1385 3336; x_wconf 88' lang='lat' dir='ltr'>catholicam,</span> <span class='ocrx_word' id='word_1_230' title='bbox 1399 3255 1564 3327; x_wconf 88' lang='lat' dir='ltr'>decretum</span> <span class='ocrx_word' id='word_1_231' title='bbox 1572 3265 1621 3326; x_wconf 89' lang='lat' dir='ltr'>est</span> <span class='ocrx_word' id='word_1_232' title='bbox 1630 3280 1685 3326; x_wconf 89' lang='lat' dir='ltr'>cos</span> <span class='ocrx_word' id='word_1_233' title='bbox 1698 3253 1832 3324; x_wconf 91' lang='lat' dir='ltr'>omnino</span> 
     </span>
     <span class='ocr_line' id='line_1_23' title="bbox 261 3373 1833 3476; baseline -0.001 -30"><span class='ocrx_word' id='word_1_234' title='bbox 261 3401 328 3446; x_wconf 90' lang='lat' dir='ltr'>esse</span> <span class='ocrx_word' id='word_1_235' title='bbox 344 3375 600 3475; x_wconf 82' lang='lat' dir='ltr'>rebaptizandos.</span> <span class='ocrx_word' id='word_1_236' title='bbox 613 3376 648 3448; x_wconf 89' lang='lat' dir='ltr'>Si</span> <span class='ocrx_word' id='word_1_237' title='bbox 661 3376 795 3476; x_wconf 91' lang='lat' dir='ltr'>quidam</span> <span class='ocrx_word' id='word_1_238' title='bbox 806 3390 916 3448; x_wconf 86' lang='lat' dir='ltr'>autem</span> <span class='ocrx_word' id='word_1_239' title='bbox 929 3403 1058 3460; x_wconf 88' lang='lat' dir='ltr'>eorum,</span> <span class='ocrx_word' id='word_1_240' title='bbox 1070 3390 1165 3448; x_wconf 88' lang='lat' dir='ltr'>antea</span> <span class='ocrx_word' id='word_1_241' title='bbox 1173 3377 1207 3448; x_wconf 94' lang='lat' dir='ltr'>in</span> <span class='ocrx_word' id='word_1_242' title='bbox 1224 3374 1309 3447; x_wconf 90' lang='lat' dir='ltr'>clero</span> <span class='ocrx_word' id='word_1_243' title='bbox 1323 3376 1563 3458; x_wconf 89' lang='lat' dir='ltr'>connumerati,</span> <span class='ocrx_word' id='word_1_244' title='bbox 1575 3375 1644 3448; x_wconf 89' lang='lat' dir='ltr'>sine</span> <span class='ocrx_word' id='word_1_245' title='bbox 1655 3373 1785 3475; x_wconf 89' lang='lat' dir='ltr'>querela</span> <span class='ocrx_word' id='word_1_246' title='bbox 1801 3389 1833 3446; x_wconf 91' lang='lat' dir='ltr'>et</span> 
     </span>
     <span class='ocr_line' id='line_1_24' title="bbox 261 3495 1833 3597; baseline -0.001 -30"><span class='ocrx_word' id='word_1_247' title='bbox 261 3497 511 3596; x_wconf 88' lang='lat' dir='ltr'>reprehensione</span> <span class='ocrx_word' id='word_1_248' title='bbox 527 3498 753 3596; x_wconf 86' lang='lat' dir='ltr'>apparuerint,</span> <span class='ocrx_word' id='word_1_249' title='bbox 773 3510 900 3597; x_wconf 89' lang='lat' dir='ltr'>oportet</span> <span class='ocrx_word' id='word_1_250' title='bbox 918 3511 954 3568; x_wconf 91' lang='lat' dir='ltr'>ut</span> <span class='ocrx_word' id='word_1_251' title='bbox 967 3496 1073 3569; x_wconf 91' lang='lat' dir='ltr'>denuo</span> <span class='ocrx_word' id='word_1_252' title='bbox 1092 3495 1243 3596; x_wconf 88' lang='lat' dir='ltr'>baptizati</span> <span class='ocrx_word' id='word_1_253' title='bbox 1260 3495 1496 3568; x_wconf 86' lang='lat' dir='ltr'>ordinationem</span> <span class='ocrx_word' id='word_1_254' title='bbox 1520 3497 1678 3596; x_wconf 88' lang='lat' dir='ltr'>accipiant</span> <span class='ocrx_word' id='word_1_255' title='bbox 1698 3495 1737 3568; x_wconf 92' lang='lat' dir='ltr'>ab</span> <span class='ocrx_word' id='word_1_256' title='bbox 1758 3495 1833 3594; x_wconf 92' lang='lat' dir='ltr'>cpi-</span> 
     </span>
     <span class='ocr_line' id='line_1_25' title="bbox 262 3615 1833 3718; baseline -0.001 -30"><span class='ocrx_word' id='word_1_257' title='bbox 262 3643 359 3717; x_wconf 88' lang='lat' dir='ltr'>scopo</span> <span class='ocrx_word' id='word_1_258' title='bbox 378 3615 524 3688; x_wconf 77' lang='lat' dir='ltr'>Ecclesia</span> <span class='ocrx_word' id='word_1_259' title='bbox 547 3618 722 3690; x_wconf 78' lang='lat' dir='ltr'>catholica.</span> <span class='ocrx_word' id='word_1_260' title='bbox 743 3617 839 3700; x_wconf 88' lang='lat' dir='ltr'>Quod</span> <span class='ocrx_word' id='word_1_261' title='bbox 858 3620 902 3698; x_wconf 91' lang='lat' dir='ltr'>si,</span> <span class='ocrx_word' id='word_1_262' title='bbox 917 3616 1126 3716; x_wconf 90' lang='lat' dir='ltr'>inquisitione</span> <span class='ocrx_word' id='word_1_263' title='bbox 1149 3617 1188 3688; x_wconf 90' lang='lat' dir='ltr'>de</span> <span class='ocrx_word' id='word_1_264' title='bbox 1209 3615 1274 3688; x_wconf 89' lang='lat' dir='ltr'>illis</span> <span class='ocrx_word' id='word_1_265' title='bbox 1299 3631 1443 3718; x_wconf 87' lang='lat' dir='ltr'>peracta,</span> <span class='ocrx_word' id='word_1_266' title='bbox 1460 3617 1581 3689; x_wconf 88' lang='lat' dir='ltr'>inventi</span> <span class='ocrx_word' id='word_1_267' title='bbox 1601 3617 1667 3688; x_wconf 91' lang='lat' dir='ltr'>sint</span> <span class='ocrx_word' id='word_1_268' title='bbox 1683 3615 1833 3695; x_wconf 90' lang='lat' dir='ltr'>inutiles,</span> 
     </span>
     <span class='ocr_line' id='line_1_26' title="bbox 262 3736 1831 3838; baseline -0.001 -30"><span class='ocrx_word' id='word_1_269' title='bbox 262 3750 387 3836; x_wconf 89' lang='lat' dir='ltr'>oportet</span> <span class='ocrx_word' id='word_1_270' title='bbox 401 3751 436 3811; x_wconf 90' lang='lat' dir='ltr'>ut</span> <span class='ocrx_word' id='word_1_271' title='bbox 450 3739 665 3838; x_wconf 86' lang='lat' dir='ltr'>deponantur.</span> <span class='ocrx_word' id='word_1_272' title='bbox 682 3738 808 3811; x_wconf 91' lang='lat' dir='ltr'>Pariter</span> <span class='ocrx_word' id='word_1_273' title='bbox 819 3739 860 3810; x_wconf 90' lang='lat' dir='ltr'>de</span> <span class='ocrx_word' id='word_1_274' title='bbox 875 3738 1062 3810; x_wconf 89' lang='lat' dir='ltr'>diaconissis</span> <span class='ocrx_word' id='word_1_275' title='bbox 1077 3753 1109 3809; x_wconf 87' lang='lat' dir='ltr'>et</span> <span class='ocrx_word' id='word_1_276' title='bbox 1124 3739 1164 3810; x_wconf 90' lang='lat' dir='ltr'>de</span> <span class='ocrx_word' id='word_1_277' title='bbox 1181 3736 1244 3809; x_wconf 91' lang='lat' dir='ltr'>illis</span> <span class='ocrx_word' id='word_1_278' title='bbox 1260 3738 1315 3837; x_wconf 84' lang='lat' dir='ltr'>qui</span> <span class='ocrx_word' id='word_1_279' title='bbox 1333 3738 1510 3809; x_wconf 88' lang='lat' dir='ltr'>canonibus</span> <span class='ocrx_word' id='word_1_280' title='bbox 1529 3737 1661 3809; x_wconf 90' lang='lat' dir='ltr'>omuino</span> <span class='ocrx_word' id='word_1_281' title='bbox 1678 3736 1831 3820; x_wconf 90' lang='lat' dir='ltr'>subsunt,</span> 
     </span>
     <span class='ocr_line' id='line_1_27' title="bbox 263 3853 1835 3958; baseline -0.002 -30"><span class='ocrx_word' id='word_1_282' title='bbox 263 3856 375 3929; x_wconf 85' lang='lat' dir='ltr'>eadem</span> <span class='ocrx_word' id='word_1_283' title='bbox 394 3858 474 3930; x_wconf 88' lang='lat' dir='ltr'>ratio</span> <span class='ocrx_word' id='word_1_284' title='bbox 494 3872 647 3931; x_wconf 88' lang='lat' dir='ltr'>servetur.</span> <span class='ocrx_word' id='word_1_285' title='bbox 664 3858 865 3930; x_wconf 88' lang='lat' dir='ltr'>Diaconissas</span> <span class='ocrx_word' id='word_1_286' title='bbox 884 3858 1147 3942; x_wconf 88' lang='lat' dir='ltr'>memoravimus,</span> <span class='ocrx_word' id='word_1_287' title='bbox 1166 3858 1242 3958; x_wconf 90' lang='lat' dir='ltr'>quia</span> <span class='ocrx_word' id='word_1_288' title='bbox 1253 3857 1314 3929; x_wconf 92' lang='lat' dir='ltr'>sub</span> <span class='ocrx_word' id='word_1_289' title='bbox 1331 3858 1436 3958; x_wconf 89' lang='lat' dir='ltr'>specio</span> <span class='ocrx_word' id='word_1_290' title='bbox 1449 3853 1698 3958; x_wconf 80' lang='lat' dir='ltr'>(diaconorum)</span> <span class='ocrx_word' id='word_1_291' title='bbox 1713 3855 1835 3927; x_wconf 89' lang='lat' dir='ltr'>consti-</span> 
     </span>
     <span class='ocr_line' id='line_1_28' title="bbox 261 3961 1834 4079; baseline -0.003 -29"><span class='ocrx_word' id='word_1_292' title='bbox 261 3992 339 4050; x_wconf 78' lang='lat' dir='ltr'>tutas</span> <span class='ocrx_word' id='word_1_293' title='bbox 354 3991 444 4064; x_wconf 85' lang='lat' dir='ltr'>sunt;</span> <span class='ocrx_word' id='word_1_294' title='bbox 461 3978 534 4062; x_wconf 89' lang='lat' dir='ltr'>scd,</span> <span class='ocrx_word' id='word_1_295' title='bbox 554 3978 708 4079; x_wconf 83' lang='lat' dir='ltr'>quoniam</span> <span class='ocrx_word' id='word_1_296' title='bbox 732 3978 856 4050; x_wconf 91' lang='lat' dir='ltr'>nullam</span> <span class='ocrx_word' id='word_1_297' title='bbox 879 3979 1119 4079; x_wconf 87' lang='lat' dir='ltr'>impositionem</span> <span class='ocrx_word' id='word_1_298' title='bbox 1138 3961 1294 4050; x_wconf 87' lang='lat' dir='ltr'>inanuum</span> <span class='ocrx_word' id='word_1_299' title='bbox 1320 3991 1530 4078; x_wconf 87' lang='lat' dir='ltr'>receperunt,</span> <span class='ocrx_word' id='word_1_300' title='bbox 1548 3978 1633 4049; x_wconf 84' lang='lat' dir='ltr'>inter</span> <span class='ocrx_word' id='word_1_301' title='bbox 1644 3977 1741 4048; x_wconf 89' lang='lat' dir='ltr'>laicos</span> <span class='ocrx_word' id='word_1_302' title='bbox 1759 4003 1834 4046; x_wconf 90' lang='lat' dir='ltr'>om-</span> 
     </span>
     <span class='ocr_line' id='line_1_29' title="bbox 263 4098 642 4197; baseline 0.003 -28"><span class='ocrx_word' id='word_1_303' title='bbox 263 4100 340 4170; x_wconf 92' lang='lat' dir='ltr'>nino</span> <span class='ocrx_word' id='word_1_304' title='bbox 355 4098 543 4197; x_wconf 75' lang='lat' dir='ltr'>ableganda</span> <span class='ocrx_word' id='word_1_305' title='bbox 556 4113 642 4172; x_wconf 91' lang='lat' dir='ltr'>sunt.</span> 
     </span>
    </p>
   </div>
   <div class='ocr_carea' id='block_1_7' title="bbox 217 4293 1835 4755">
    <p class='ocr_par' dir='ltr' id='par_1_7' title="bbox 217 4293 1835 4755">
     <span class='ocr_line' id='line_1_30' title="bbox 217 4293 1833 4396; baseline -0.001 -29"><span class='ocrx_word' id='word_1_306' title='bbox 217 4300 224 4310; x_wconf 86' lang='lat'>&#39;</span> <span class='ocrx_word' id='word_1_307' title='bbox 312 4294 376 4367; x_wconf 92' lang='lat' dir='ltr'>XX.</span> <span class='ocrx_word' id='word_1_308' title='bbox 408 4294 685 4396; x_wconf 81' lang='lat' dir='ltr'>Ouodflcctcrccou</span> <span class='ocrx_word' id='word_1_309' title='bbox 705 4294 859 4367; x_wconf 78' lang='lat' dir='ltr'>dclcomm</span> <span class='ocrx_word' id='word_1_310' title='bbox 878 4322 973 4393; x_wconf 80' lang='lat' dir='ltr'>gersa,</span> <span class='ocrx_word' id='word_1_311' title='bbox 994 4293 1040 4364; x_wconf 90' lang='lat' dir='ltr'>dic</span> <span class='ocrx_word' id='word_1_312' title='bbox 1063 4293 1206 4366; x_wconf 84' lang='lat' dir='ltr'>dominico</span> <span class='ocrx_word' id='word_1_313' title='bbox 1227 4310 1255 4366; x_wconf 87' lang='lat' dir='ltr'>ct</span> <span class='ocrx_word' id='word_1_314' title='bbox 1271 4293 1371 4366; x_wconf 83' lang='lat' dir='ltr'>dicbus</span> <span class='ocrx_word' id='word_1_315' title='bbox 1393 4293 1580 4365; x_wconf 79' lang='lat' dir='ltr'>Pentecostca.</span> <span class='ocrx_word' id='word_1_316' title='bbox 1597 4335 1650 4348; x_wconf 87' lang='lat'>—</span> <span class='ocrx_word' id='word_1_317' title='bbox 1670 4293 1833 4377; x_wconf 83' lang='lat' dir='ltr'>Quoniam</span> 
     </span>
     <span class='ocr_line' id='line_1_31' title="bbox 262 4413 1835 4516; baseline -0.002 -28"><span class='ocrx_word' id='word_1_318' title='bbox 262 4429 339 4488; x_wconf 87' lang='lat' dir='ltr'>sunt</span> <span class='ocrx_word' id='word_1_319' title='bbox 355 4416 489 4515; x_wconf 91' lang='lat' dir='ltr'>quidam</span> <span class='ocrx_word' id='word_1_320' title='bbox 502 4416 576 4516; x_wconf 88' lang='lat' dir='ltr'>qui,</span> <span class='ocrx_word' id='word_1_321' title='bbox 590 4416 642 4487; x_wconf 91' lang='lat' dir='ltr'>dic</span> <span class='ocrx_word' id='word_1_322' title='bbox 661 4415 831 4488; x_wconf 87' lang='lat' dir='ltr'>dominica</span> <span class='ocrx_word' id='word_1_323' title='bbox 841 4428 873 4488; x_wconf 91' lang='lat' dir='ltr'>et</span> <span class='ocrx_word' id='word_1_324' title='bbox 888 4415 1003 4486; x_wconf 91' lang='lat' dir='ltr'>diebus</span> <span class='ocrx_word' id='word_1_325' title='bbox 1016 4416 1236 4498; x_wconf 88' lang='lat' dir='ltr'>Pentecostes,</span> <span class='ocrx_word' id='word_1_326' title='bbox 1249 4415 1489 4514; x_wconf 91' lang='lat' dir='ltr'>gennllectunt,</span> <span class='ocrx_word' id='word_1_327' title='bbox 1507 4427 1544 4488; x_wconf 92' lang='lat' dir='ltr'>ut</span> <span class='ocrx_word' id='word_1_328' title='bbox 1559 4440 1671 4486; x_wconf 89' lang='lat' dir='ltr'>omnes</span> <span class='ocrx_word' id='word_1_329' title='bbox 1686 4413 1835 4488; x_wconf 89' lang='lat' dir='ltr'>homines</span> 
     </span>
     <span class='ocr_line' id='line_1_32' title="bbox 263 4521 1835 4637; baseline 0.001 -31"><span class='ocrx_word' id='word_1_330' title='bbox 263 4540 297 4606; x_wconf 90' lang='lat' dir='ltr'>in</span> <span class='ocrx_word' id='word_1_331' title='bbox 315 4537 404 4608; x_wconf 90' lang='lat' dir='ltr'>omni</span> <span class='ocrx_word' id='word_1_332' title='bbox 421 4536 491 4610; x_wconf 91' lang='lat' dir='ltr'>loco</span> <span class='ocrx_word' id='word_1_333' title='bbox 510 4550 541 4608; x_wconf 90' lang='lat' dir='ltr'>ct</span> <span class='ocrx_word' id='word_1_334' title='bbox 557 4536 758 4610; x_wconf 89' lang='lat' dir='ltr'>habitatione</span> <span class='ocrx_word' id='word_1_335' title='bbox 788 4537 956 4637; x_wconf 76' lang='lat' dir='ltr'>aqualiter</span> <span class='ocrx_word' id='word_1_336' title='bbox 970 4550 1002 4608; x_wconf 87' lang='lat' dir='ltr'>ct</span> <span class='ocrx_word' id='word_1_337' title='bbox 1027 4521 1241 4609; x_wconf 86' lang='lat' dir='ltr'>consonanter</span> <span class='ocrx_word' id='word_1_338' title='bbox 1261 4535 1348 4607; x_wconf 87' lang='lat' dir='ltr'>idem</span> <span class='ocrx_word' id='word_1_339' title='bbox 1371 4535 1540 4609; x_wconf 84' lang='lat' dir='ltr'>ohservare</span> <span class='ocrx_word' id='word_1_340' title='bbox 1559 4546 1689 4618; x_wconf 88' lang='lat' dir='ltr'>curent,</span> <span class='ocrx_word' id='word_1_341' title='bbox 1710 4532 1835 4632; x_wconf 90' lang='lat' dir='ltr'>placuit</span> 
     </span>
     <span class='ocr_line' id='line_1_33' title="bbox 263 4656 1562 4755; baseline -0.001 -29"><span class='ocrx_word' id='word_1_342' title='bbox 263 4670 379 4728; x_wconf 77' lang='lat' dir='ltr'>sancta</span> <span class='ocrx_word' id='word_1_343' title='bbox 391 4657 523 4755; x_wconf 76' lang='lat' dir='ltr'>Synodo</span> <span class='ocrx_word' id='word_1_344' title='bbox 541 4671 576 4729; x_wconf 92' lang='lat' dir='ltr'>ut</span> <span class='ocrx_word' id='word_1_345' title='bbox 594 4669 713 4728; x_wconf 88' lang='lat' dir='ltr'>stantes</span> <span class='ocrx_word' id='word_1_346' title='bbox 728 4657 867 4729; x_wconf 89' lang='lat' dir='ltr'>Domino</span> <span class='ocrx_word' id='word_1_347' title='bbox 886 4656 1048 4729; x_wconf 89' lang='lat' dir='ltr'>orationes</span> <span class='ocrx_word' id='word_1_348' title='bbox 1064 4657 1211 4728; x_wconf 87' lang='lat' dir='ltr'>cllcrant.</span> <span class='ocrx_word' id='word_1_349' title='bbox 1560 4664 1562 4668; x_wconf 85' lang='grc'><strong>’</strong></span> 
     </span>
    </p>
   </div>
   <div class='ocr_carea' id='block_1_8' title="bbox 262 4793 1836 5020">
    <p class='ocr_par' dir='ltr' id='par_1_8' title="bbox 262 4793 1836 5020">
     <span class='ocr_line' id='line_1_34' title="bbox 313 4793 1836 4894; baseline -0.002 -26"><span class='ocrx_word' id='word_1_350' title='bbox 313 4795 459 4868; x_wconf 80' lang='lat' dir='ltr'>Desinant</span> <span class='ocrx_word' id='word_1_351' title='bbox 470 4795 536 4867; x_wconf 81' lang='lat' dir='ltr'>XX</span> <span class='ocrx_word' id='word_1_352' title='bbox 549 4823 671 4868; x_wconf 73' lang='lat' dir='ltr'>cociones</span> <span class='ocrx_word' id='word_1_353' title='bbox 687 4796 870 4868; x_wconf 79' lang='lat' dir='ltr'>eccbsicatici</span> <span class='ocrx_word' id='word_1_354' title='bbox 885 4797 916 4868; x_wconf 83' lang='lat' dir='ltr'>iu</span> <span class='ocrx_word' id='word_1_355' title='bbox 930 4823 1041 4894; x_wconf 71' lang='lat' dir='ltr'>magica</span> <span class='ocrx_word' id='word_1_356' title='bbox 1057 4811 1084 4866; x_wconf 87' lang='lat' dir='ltr'>et</span> <span class='ocrx_word' id='word_1_357' title='bbox 1100 4811 1200 4866; x_wconf 81' lang='lat' dir='ltr'>scorta</span> <span class='ocrx_word' id='word_1_358' title='bbox 1218 4793 1338 4892; x_wconf 71' lang='lat' dir='ltr'>Synodo</span> <span class='ocrx_word' id='word_1_359' title='bbox 1359 4793 1483 4866; x_wconf 82' lang='lat' dir='ltr'>Nicaeao</span> <span class='ocrx_word' id='word_1_360' title='bbox 1504 4821 1523 4864; x_wconf 91' lang='lat' dir='ltr'>o</span> <span class='ocrx_word' id='word_1_361' title='bbox 1541 4819 1679 4864; x_wconf 82' lang='lat' dir='ltr'>cccrrru</span> <span class='ocrx_word' id='word_1_362' title='bbox 1695 4793 1836 4893; x_wconf 69' lang='lat' dir='ltr'>episcopis</span> 
     </span>
     <span class='ocr_line' id='line_1_35' title="bbox 262 4914 511 5020; baseline 0 -32"><span class='ocrx_word' id='word_1_363' title='bbox 262 4914 378 4988; x_wconf 82' lang='lat' dir='ltr'>conditi.</span> <span class='ocrx_word' id='word_1_364' title='bbox 397 4914 511 5020; x_wconf 73' lang='lat' dir='ltr'>(tto)</span> 
     </span>
    </p>
   </div>
   <div class='ocr_carea' id='block_1_9' title="bbox 265 5105 1835 5278">
    <p class='ocr_par' dir='ltr' id='par_1_9' title="bbox 265 5105 1835 5278">
     <span class='ocr_line' id='line_1_36' title="bbox 301 5105 1835 5186; baseline -0.003 -23"><span class='ocrx_word' id='word_1_365' title='bbox 301 5113 307 5143; x_wconf 94' lang='lat'>¹</span> <span class='ocrx_word' id='word_1_366' title='bbox 327 5109 418 5164; x_wconf 79' lang='lat' dir='ltr'>Proba.</span> <span class='ocrx_word' id='word_1_367' title='bbox 429 5130 476 5176; x_wconf 83' lang='lat' dir='ltr'>xrr,</span> <span class='ocrx_word' id='word_1_368' title='bbox 489 5113 514 5164; x_wconf 80' lang='lat'>5.</span> <span class='ocrx_word' id='word_1_369' title='bbox 524 5144 562 5151; x_wconf 97' lang='lat'><strong>—</strong></span> <span class='ocrx_word' id='word_1_370' title='bbox 571 5113 581 5146; x_wconf 84' lang='lat'>²</span> <span class='ocrx_word' id='word_1_371' title='bbox 595 5113 624 5166; x_wconf 88' lang='lat' dir='ltr'>ln</span> <span class='ocrx_word' id='word_1_372' title='bbox 635 5111 746 5186; x_wconf 86' lang='lat' dir='ltr'>margine</span> <span class='ocrx_word' id='word_1_373' title='bbox 756 5109 845 5165; x_wconf 86' lang='lat' dir='ltr'>codicis</span> <span class='ocrx_word' id='word_1_374' title='bbox 857 5109 921 5164; x_wconf 89' lang='lat' dir='ltr'>hanc</span> <span class='ocrx_word' id='word_1_375' title='bbox 932 5109 1038 5183; x_wconf 86' lang='lat' dir='ltr'>glossam</span> <span class='ocrx_word' id='word_1_376' title='bbox 1049 5109 1188 5182; x_wconf 83' lang='lat' dir='ltr'>reperimus</span> <span class='ocrx_word' id='word_1_377' title='bbox 1197 5131 1203 5164; x_wconf 78' lang='lat' dir='ltr'>s</span> <span class='ocrx_word' id='word_1_378' title='bbox 1214 5131 1226 5160; x_wconf 76' lang='lat' dir='ltr'>r</span> <span class='ocrx_word' id='word_1_379' title='bbox 1235 5107 1285 5174; x_wconf 82' lang='lat' dir='ltr'>(lai</span> <span class='ocrx_word' id='word_1_380' title='bbox 1290 5109 1373 5182; x_wconf 77' lang='lat' dir='ltr'>quovis</span> <span class='ocrx_word' id='word_1_381' title='bbox 1382 5127 1473 5170; x_wconf 77' lang='lat' dir='ltr'>muse,</span> <span class='ocrx_word' id='word_1_382' title='bbox 1486 5127 1532 5179; x_wconf 84' lang='lat' dir='ltr'>pro</span> <span class='ocrx_word' id='word_1_383' title='bbox 1541 5117 1634 5161; x_wconf 84' lang='lat' dir='ltr'>ccctom</span> <span class='ocrx_word' id='word_1_384' title='bbox 1643 5105 1747 5159; x_wconf 66' lang='lat' dir='ltr'>bacuio</span> <span class='ocrx_word' id='word_1_385' title='bbox 1754 5107 1835 5177; x_wconf 74' lang='lat' dir='ltr'>scric-</span> 
     </span>
     <span class='ocr_line' id='line_1_37' title="bbox 265 5200 1505 5278; baseline -0.002 -21"><span class='ocrx_word' id='word_1_386' title='bbox 265 5204 355 5268; x_wconf 72' lang='lat' dir='ltr'>cruc,</span> <span class='ocrx_word' id='word_1_387' title='bbox 370 5204 495 5260; x_wconf 67' lang='lat' dir='ltr'>domim</span> <span class='ocrx_word' id='word_1_388' title='bbox 509 5223 586 5260; x_wconf 77' lang='lat' dir='ltr'>auam</span> <span class='ocrx_word' id='word_1_389' title='bbox 600 5207 728 5278; x_wconf 71' lang='lat' dir='ltr'>erigant.»</span> <span class='ocrx_word' id='word_1_390' title='bbox 746 5237 783 5246; x_wconf 82' lang='lat'>-</span> <span class='ocrx_word' id='word_1_391' title='bbox 796 5208 806 5240; x_wconf 80' lang='lat'><strong>³</strong></span> <span class='ocrx_word' id='word_1_392' title='bbox 821 5205 883 5270; x_wconf 76' lang='lat' dir='ltr'>Quas</span> <span class='ocrx_word' id='word_1_393' title='bbox 897 5203 995 5259; x_wconf 77' lang='lat' dir='ltr'>nncime</span> <span class='ocrx_word' id='word_1_394' title='bbox 1009 5201 1158 5258; x_wconf 86' lang='lat' dir='ltr'>includimus</span> <span class='ocrx_word' id='word_1_395' title='bbox 1170 5201 1261 5258; x_wconf 71' lang='lat' dir='ltr'>dieunt</span> <span class='ocrx_word' id='word_1_396' title='bbox 1272 5202 1299 5256; x_wconf 91' lang='lat' dir='ltr'>in</span> <span class='ocrx_word' id='word_1_397' title='bbox 1311 5201 1394 5256; x_wconf 82' lang='lat' dir='ltr'>codice</span> <span class='ocrx_word' id='word_1_398' title='bbox 1405 5200 1505 5274; x_wconf 70' lang='lat' dir='ltr'>syriaco.</span> 
     </span>
    </p>
   </div>
   <div class='ocr_carea' id='block_1_10' title="bbox 0 0 2008 6084">
    <p class='ocr_par' dir='ltr' id='par_1_10' title="bbox 0 0 2008 6084">
     <span class='ocr_line' id='line_1_38' title="bbox 0 0 2008 6084; baseline 0 0"><span class='ocrx_word' id='word_1_399' title='bbox 0 0 2008 6084; x_wconf 95' lang='lat' dir='ltr'> </span> 
     </span>
    </p>
   </div>
  </div>
 </body>
</html>
