3990 6092
258 577 326 644 31ίι
609 576 784 643 paruuli
810 575 1210 644 ANTENICAENORUM
1237 577 1477 646 inluserit.

315 729 370 798 13.
400 726 477 799 «Sic
500 725 669 798 comedent
690 724 763 822 (filii
783 725 898 827 lsrael)
918 753 1037 826 panem
1057 755 1153 799 suum
1175 726 1336 828 pollutum
1359 729 1444 800 inter
1462 742 1589 826 gentes,
1608 729 1650 802 ad
1667 758 1747 830 quas
1769 731 1832 830 eji-

258 848 364 920 sciam
388 874 480 920 eoas
499 847 589 931 llaec,
609 847 657 919 rel
675 847 715 918 de
733 847 936 948 Babyloniis,
955 876 1037 948 quos
1053 847 1182 948 impulit
1204 863 1236 921 et
1257 849 1403 922 excitavit
1419 865 1530 922 contra
1553 851 1682 924 Judeos
1699 866 1731 924 et
1744 854 1832 926 inter

257 996 338 1069 quos
369 969 427 1041 lilii
450 968 628 1041 Jerusalem
660 969 899 1042 manducarunt
925 997 1043 1070 panem
1074 996 1171 1041 suum
1203 970 1379 1070 pollutum,
1408 970 1501 1056 dicit,
1524 972 1573 1046 vel
1598 972 1638 1044 de
1661 973 1826 1058 ldumaeis,

256 1091 421 1174 Moabitis‚
443 1090 652 1175 Phlemeis,
668 1105 700 1163 et
714 1091 846 1190 reliquis
863 1092 1012 1190 gentibus
1028 1091 1112 1162 inter
1130 1117 1212 1191 quas
1223 1092 1327 1164 Judaei
1342 1091 1581 1165 manducarunt
1596 1095 1693 1167 etiam
1709 1122 1828 1194 panem

255 1240 349 1286 suum
369 1212 541 1312 pollutum.

299 1335 369 1407 ab.
399 1331 503 1405 sEcce
519 1361 578 1430 ego
592 1346 755 1405 conteram
770 1333 923 1406 baculum
940 1331 1035 1432 panis
1048 1332 1082 1405 in
1099 1333 1315 1422 Jerusalem„
1337 1332 1400 1407 Per
1414 1333 1568 1407 baculum
1586 1335 1707 1407 indicat
1720 1362 1829 1408 cessa-

257 1454 378 1528 tionem
402 1455 581 1555 prophetiae
602 1466 633 1526 et
650 1454 802 1527 doetrinae
821 1455 854 1526 in
876 1454 1066 1526 Jerusalem.
1087 1455 1243 1526 baculum
1270 1455 1357 1527 enim
1384 1454 1473 1555 quod
1490 1457 1566 1528 lacit
1587 1483 1705 1556 panem
1730 1457 1830 1557 spiri-

257 1575 378 1648 tualem
399 1576 513 1648 animae
530 1576 718 1648 nutritivum
736 1590 784 1648 ast
798 1577 886 1674 spica
901 1574 1144 1676 prophetarum.

308 1817 337 1872 v,
364 1819 392 1860 1.
423 1791 548 1862 «Sume
575 1790 632 1862 tibi
659 1789 803 1887 gladium
827 1802 1028 1864 acutum...
1050 1803 1083 1863 et
1105 1789 1201 1863 duces
1223 1815 1282 1890 per
1309 1804 1405 1891 eaput
1428 1803 1538 1874 tuum,
1561 1804 1594 1864 et
1614 1817 1675 1891 per
1690 1789 1829 1864 barbam

258 1922 389 1994 stuarn3
403 1925 434 1982 ct
450 1937 592 1982 assumes
607 1910 665 1982 tibi
675 1925 825 1984 stateram
836 1910 1003 2010 ponderis,
1017 1925 1048 1982 et
1060 1910 1182 2002 divides
1196 1911 1296 1982 cosin
1317 1924 1379 1983 tres
1392 1924 1541 2011 partes‚n
1555 1911 1590 1984 id
1602 1925 1664 1994 est,
1676 1911 1826 2012 capillos,

258 2057 339 2130 quos
357 2031 517 2104 enutriisti
535 2031 568 2103 in
588 2059 729 2115 carcere,
749 2031 854 2104 divide
872 2031 906 2104 in
925 2045 990 2103 tres
1003 2044 1121 2131 partes.

311 2181 343 2223 n.
373 2152 538 2224 s'lertiam
561 2164 685 2251 partem
710 2153 779 2250 igni
803 2151 971 2224 combures
996 2153 1029 2223 in
1052 2152 1160 2224 medio
1183 2153 1358 2236 civitatis„
1380 2166 1416 2224 ut
1438 2152 1479 2225 sit
1496 2153 1600 2249 figura
1618 2151 1747 2224 illorum
1771 2151 1831 2252 qui

256 2273 375 2372 reperti
393 2267 470 2346 s'unt
485 2273 520 2344 in
539 2274 675 2373 templo,
695 2272 827 2373 quando
843 2273 1046 2346 combustum
1065 2286 1122 2345 est.
1138 2273 1202 2346 sEt
1221 2273 1318 2345 aliam
1336 2286 1460 2375 partem
1478 2271 1626 2344 concides
1643 2272 1676 2344 in
1693 2273 1828 2344 circuitu

257 2395 367 2492 «ejus,
378 2426 393 2462 a
405 2393 439 2464 in
456 2393 593 2492 liguram
610 2392 741 2465 illorum
759 2393 816 2493 qui
831 2392 1016 2466 ceciderunt
1028 2395 1111 2466 cirea
1125 2394 1251 2467 urbem.
1265 2394 1514 2467 «Tertiamvero
1527 2405 1652 2494 partem
1664 2393 1829 2492 dispergas

257 2515 315 2586 sin
333 2529 479 2598 ventum,
498 2528 530 2585 et
546 2514 672 2610 gladius
687 2515 877 2614 insequetur
887 2542 979 2588 eos.»
995 2514 1063 2588 Hoc
1080 2515 1231 2589 ultimum
1247 2515 1364 2588 dieitur
1382 2515 1422 2588 de
1437 2516 1476 2587 iis
1494 2516 1551 2616 qui
1565 2515 1600 2587 in
1613 2514 1828 2614 captivitatem

256 2634 397 2706 ducendi
412 2633 460 2706 cel
478 2631 586 2730 gladio
604 2633 785 2734 perimendi
798 2649 900 2708 erant.

309 2757 347 2838 3,
372 2757 426 2827 13.
457 2757 520 2828 «Et
537 2782 644 2827 sumes
661 2753 737 2828 inde
752 2784 888 2857 parrum
905 2783 1078 2830 numerum
1094 2771 1126 2828 ct
1142 2755 1258 2854 ligabis
1274 2784 1328 2830 eos
1346 2757 1380 2828 in
1395 2756 1446 2828 ala
1464 2771 1564 2829 tua...
1577 2757 1616 2828 Et
1628 2757 1828 2858 requiescere

256 2877 395 2949 alasiam
409 2877 666 2974 indignationem
685 2905 790 2951 meam
805 2879 899 2951 ineis
914 2893 946 2950 et
964 2877 1191 2952 consolabor.»
1207 2879 1262 2950 lsti
1285 2879 1391 2976 figura
1409 2892 1484 2952 sunt
1497 2877 1628 2950 illorum
1644 2878 1701 2978 qui
1717 2905 1844 2976 serua·¹

254 2999 379 3070 buntur
396 2999 517 3100 quique
531 3001 669 3073 virentes
684 3001 863 3074 Jerusalem
876 3002 992 3074 iterum
1009 3001 1207 3073 intrabunt

222 3185 230 3198 .
312 3205 367 3278 rb.
385 3233 432 3290 rr,
453 3205 485 3277 6.
516 3204 597 3307 «[Εῑ
614 3206 814 3304 confringam
830 3205 864 3277 in
880 3204 967 3277 vobis
983 3205 1137 3277 baculum
1156 3205 1267 3306 panis,
1292 3219 1324 3277 et
1342 3205 1423 3277 urbe
1441 3204 1701 3288 deseruerunt,
1720 3218 1752 3276 et
1770 3203 1827 3276 de-

255 3325 374 3400 nlubra
397 3327 651 3414 demolientunn
675 3328 809 3414 scilicet,
833 3328 901 3399 loca
926 3327 1063 3410 excelsa,
1086 3328 1162 3429 quia
1188 3325 1405 3400 demolientur
1430 3325 1558 3411 altaria,
1583 3324 1828 3422 confringentur

253 3447 359 3534 idola,
379 3449 590 3521 concidentur
601 3448 773 3521 simulacra
788 3464 819 3520 et
837 3449 1049 3547 conjicientur
1066 3449 1225 3520 interlecti
1239 3449 1324 3521 inter
1340 3445 1448 3548 illast]

304 3549 483 3642 Jerusalem
501 3571 534 3641 in
557 3570 664 3642 modio
685 3570 829 3668 gentium
851 3571 938 3642 Deus
955 3570 1063 3669 posuit
1081 3582 1112 3641 ct
1131 3597 1203 3640 eam
1226 3570 1426 3642 circumdant
1442 3595 1553 3641 omnes
1566 3569 1722 3651 civitates,
1739 3566 1827 3638 unde

255 3705 361 3763 exorta
374 3691 483 3792 opinio
503 3690 720 3792 quorumdam
734 3703 782 3762 est
795 3689 974 3762 Jerusalem
990 3689 1127 3789 positam
1143 3717 1211 3762 esse
1224 3691 1258 3760 in
1272 3690 1378 3761 medio
1397 3704 1503 3772 terre,
1521 3688 1606 3792 (lb)
1625 3688 1706 3760 sicut
1722 3715 1776 3760 cor
1792 3688 1825 3759 iu

254 3811 361 3884 medio
386 3813 617 3884 membrorum.
636 3810 680 3882 Er
703 3838 740 3882 ea
759 3811 845 3882 enim
869 3824 937 3882 orta
956 3825 1003 3883 est
1020 3809 1089 3892 lex,
1107 3838 1220 3883 omnes
1237 3825 1349 3909 gentes
1366 3811 1553 3896 subactura,
1571 3826 1604 3883 et
1620 3811 1654 3882 in
1673 3838 1710 3882 ea
1726 3809 1827 3910 plan-

253 3946 318 4006 tata
336 3949 385 4005 est
401 3961 492 4015 crux,
512 3960 623 4005 omnes
643 3933 729 4004 orbis
746 3945 854 4032 partes
870 3933 930 4004 sub
950 3932 1052 4030 gratia
1071 3932 1263 4004 adductura.

306 4056 340 4128 8.
370 4056 433 4127 «Et
455 4055 636 4154 relinquam
656 4053 813 4153 quosdam
829 4066 970 4126 vestrum
988 4053 1021 4124 in
1045 4053 1238 4150 gentibus‚n
1263 4053 1382 4125 scilicet
1399 4053 1456 4155 qui
1476 4051 1588 4125 salvati
1613 4067 1689 4124 sunt
1705 4051 1825 4134 Judaei,

253 4176 330 4248 dum
350 4177 465 4276 captivi
483 4189 588 4248 essent
603 4176 686 4247 inter
707 4189 829 4274 gentes.

306 4327 338 4398 9.
369 4297 536 4368 «Contrivi
557 4323 612 4368 cor
627 4301 739 4368 eorum
764 4296 942 4379 loruicans,
968 4297 1042 4395 quia
1063 4310 1264 4368 recesserunt
1285 4323 1304 4366 a
1323 4322 1375 4367 me
1393 4307 1425 4366 et
1446 4295 1707 4368 obscurabuntur
1728 4294 1826 4365 iacies

253 4418 446 4490 «illorum»
465 4418 502 4489 ld
524 4431 572 4489 est
595 4430 705 4490 eontra
724 4444 794 4502 eos,
810 4417 844 4488 in
867 4417 1112 4490 retributionem
1133 4431 1339 4517 peccatorum
1364 4445 1435 4516 quae
1458 4418 1617 4500 lecerunt,
1634 4415 1828 4487 immittetur

252 4540 389 4623 malum,
410 4553 441 4612 et
456 4538 650 4611 emirabitur
668 4565 722 4610 cor
739 4539 868 4611 illorum
888 4551 919 4611 et
931 4537 1146 4610 tristabuntur
1159 4538 1256 4608 iacies
1274 4565 1430 4620 corum‚n
1448 4564 1513 4638 prae
1531 4535 1657 4620 dolore,
1675 4535 1731 4635 qui
1751 4535 1828 4606 ino-

251 4661 376 4760 pinate,
389 4661 423 4732 in
442 4662 582 4734 adventu
600 4659 754 4733 exercitus
773 4659 912 4745 hostilis,
933 4660 1006 4732 illos
1023 4674 1154 4760 stupore
1175 4659 1301 4729 afficiet.

308 4786 362 4855 13.
393 4782 457 4854 «Et
472 4781 550 4854 dixit
561 4782 646 4854 haeo.
664 4839 671 4855 .
690 4840 698 4857 .
716 4782 829 4855 subtus
840 4783 1068 4880 omnelignum
1081 4807 1286 4852 nemorosum
1299 4795 1331 4853 et
1343 4780 1457 4853 subtus
1471 4779 1653 4851 universam
1669 4804 1826 4877 quercum

252 4905 473 4978 slrondosam.
486 4935 501 4972 n
516 4904 590 4976 llaec
602 4904 685 4976 dicta
701 4919 776 4976 sunt
791 4904 947 4977 deerrare
960 4902 1064 4973 cordis
1076 4900 1223 4987 illorum,
1234 4929 1271 4974 eo
1284 4900 1371 5001 quod
1384 4903 1501 4974 frustra
1517 4911 1682 4999 sperarent
1698 4899 1731 4970 in
1747 4897 1826 4970 deos

252 5054 332 5128 quos
352 5028 583 5100 constituerant
604 5027 639 5103 in
660 5027 749 5098 omni
767 5040 878 5099 monte
901 5023 1021 5098 excelso
1043 5039 1075 5096 et
1094 5026 1184 5126 juxta
1204 5024 1383 5125 quamlibet
1404 5024 1552 5098 arborem
1570 5021 1667 5095 ramis
1683 5020 1826 5120 opimam

291 5272 297 5302 ¹
318 5269 365 5323 llic
383 5267 452 5323 addit
469 5271 494 5324 S.
511 5267 657 5341 prraemua
673 5268 717 5340 gui
733 5285 811 5322 mum
828 5267 964 5343 effugmm
979 5285 1011 5320 aa
1028 5267 1091 5320 omni
1102 5267 1192 5339 popolo
1201 5267 1313 5342 filioram
1328 5264 1432 5320 laroals'r.
1446 5269 1505 5308 -2
1525 5264 1586 5327 Quae
1603 5261 1701 5317 uncinis
1717 5258 1827 5314 includi-

254 5381 309 5415 mus
322 5362 404 5436 posmt
418 5363 444 5415 S.
461 5361 606 5434 Ephraemus
618 5368 674 5435 post
687 5361 833 5415 versiculum
848 5361 863 5414 8
876 5360 987 5434 proxime
1001 5367 1154 5433 sequentem.
