4006 6098
509 583 713 657 SANCTUS
743 588 1008 686 GREGORIUS
1035 589 1415 693 salonitanum.
1565 594 1570 606 ‘
1679 593 1744 670 361

176 737 312 811 nSancti
335 751 466 823 natura,
486 736 725 840 quam·aliquis
747 753 833 812 recte
851 766 962 812 vocare
981 741 1151 812 essentiam
1170 753 1292 840 posset,
1309 741 1417 842 potius
1441 767 1540 841 quam
1562 753 1712 814 naturum
1724 749 1747 829 ¹,

175 861 242 930 nsit
255 860 389 960 simplex
404 873 460 932 aut
475 861 673 960 composita?
685 862 741 945 Et,
755 862 781 932 si
794 861 927 960 simplex
942 862 1069 947 existat,
1081 861 1169 934 unde
1186 862 1290 935 statut
1309 863 1407 936 trium
1423 861 1554 936 illorum
1568 863 1610 936 de
1627 863 1748 964 quibus

175 995 293 1052 senten
313 980 451 1052 diximus
473 980 622 1054 admittat
640 983 854 1054 numerum²l
871 981 967 1064 Quod
986 983 1073 1055 enim
1092 996 1139 1055 est
1159 983 1293 1082 simplex
1315 983 1447 1055 unicum
1465 997 1527 1066 est,
1547 1009 1607 1056 nec
1631 1011 1748 1058 nume·

142 1092 147 1100 “
174 1129 271 1175 nrum
294 1103 432 1202 petitum
451 1101 541 1202 quod
558 1115 667 1174 autem
686 1103 748 1174 sub
771 1131 943 1176 numerum
961 1102 1075 1176 cadere
1098 1116 1219 1204 potest,
1236 1103 1370 1203 simplex
1391 1105 1526 1177 omnino
1547 1130 1613 1176 non
1629 1105 1672 1176 sit
1688 1130 1749 1180 ne-

174 1249 284 1295 scesse
301 1237 365 1305 est,
385 1223 511 1296 etiamsi
529 1249 596 1296 non
618 1223 712 1294 cadat
733 1223 793 1295 sub
820 1227 1034 1308 numerum³3
1052 1223 1141 1323 quod
1159 1223 1248 1295 enim
1272 1223 1445 1323 praescindi
1468 1237 1574 1324 potest
1595 1225 1747 1325 passibile

173 1357 260 1428 sest,
281 1344 442 1445 siqnidem
467 1345 618 1417 abscissio
643 1359 690 1416 est
725 1345 832 1446 passio
858 1344 1018 1446 quaedam.
1045 1344 1215 1444 Insupert,
1240 1343 1267 1416 si
1293 1359 1409 1417 natura
1437 1373 1587 1446 suprema
1613 1346 1747 1447 simplex

174 1465 318 1550 «existit,
346 1465 509 1566 supcrllua
536 1479 583 1538 est
608 1465 985 1566 impositio-nominum
1006 1465 1094 1566 quod
1117 1465 1161 1550 si,
1182 1493 1200 1538 e
1224 1479 1354 1549 contra,
1385 1467 1554 1538 nominum
1583 1465 1746 1568 impositio

174 1573 292 1658 ‹rlirrna
309 1587 460 1659 habenda
478 1587 534 1670 sit,
549 1586 706 1687 extemplo
725 1587 766 1660 ab
785 1587 886 1660 oculis
900 1593 1126 1672 evanescunt⁵,
1143 1601 1210 1659 tum
1226 1587 1377 1670 unicum,
1392 1599 1460 1659 tum
1473 1587 1644 1687 simplex»
1659 1587 1747 1670 Quo·

176 1707 274 1780 modo
293 1707 392 1806 igitur
409 1733 442 1780 se
459 1734 511 1780 res
527 1707 647 1780 babeat
664 1709 792 1809 quaeris.
813 1706 915 1810 (101)

224 1884 280 1956 lll.
310 1885 385 1957 llaes
411 1885 452 1957 ad
477 1911 536 1957 nos
562 1881 682 1969 dixisti,
708 1897 821 1984 atque,
849 1897 884 1957 nt
913 1912 1022 1957 rerum
1045 1885 1210 1958 veritatem
1236 1877 1488 1970 demonstrares,
1511 1899 1660 1987 prompte
1687 1885 1746 1958 tibi

175 2019 366 2104 argumenta
384 2009 514 2079 sermo⁶
530 2005 756 2106 suppeditavit.
774 2006 844 2079 Non
863 2005 950 2078 enim
969 2020 1017 2078 est
1036 2005 1220 2078 umbratilis
1238 2016 1269 2078 et
1290 2005 1536 2107 probationibus
1553 2033 1591 2077 ac
1607 2006 1746 2107 proinde

173 2152 321 2198 sermone
341 2126 493 2200 destituta
512 2127 591 2198 fides
609 2154 681 2226 quae
704 2140 735 2199 te
756 2126 901 2227 impulit,
921 2154 1027 2226 neque
1045 2139 1188 2200 veterum
1211 2127 1454 2226 proverbiorum
1479 2125 1669 2198 testimoniis
1694 2125 1744 2198 iu-

173 2260 292 2318 certam
316 2246 468 2320 fiduciam
488 2247 615 2320 tentasti
638 2248 744 2320 velare
767 2258 866 2320 tuam.
888 2248 1008 2320 Verum
1033 2247 1133 2322 solers
1161 2246 1349 2320 addiscendi
1376 2247 1550 2348 prodidisti
1579 2246 1745 2332 studium,

171 2366 385 2467 idearumque
400 2368 493 2440 rectis
507 2367 655 2440 sensibus
669 2367 869 2442 theoriarum
886 2382 1016 2441 tuarum
1035 2366 1219 2440 firmitatem
1237 2367 1346 2466 palam
1363 2366 1575 2440 manifestasti
1587 2373 1612 2440 ⁷.

223 2487 365 2562 Proinde
382 2493 590 2562 sermonem⁸
607 2489 813 2562 instituemus
830 2488 871 2564 de
893 2489 990 2562 modo
1014 2513 1078 2589 quo
1104 2487 1280 2562 debeamus
1305 2488 1424 2562 sentire
1445 2488 1485 2560 de
1502 2487 1588 2572 Deo,
1608 2514 1742 2588 nempe,

172 2608 338 2708 quodnam
357 2637 393 2682 cx
414 2608 543 2682 duobus
560 2636 593 2681 se
611 2609 746 2694 babeat,
766 2609 850 2684 sitne
869 2608 1004 2708 simplex
1025 2635 1067 2680 an
1088 2607 1191 2682 tribus
1213 2608 1410 2707 compositus
1425 2606 1616 2680 elementis?
1633 2608 1745 2682 Poste-

171 2729 238 2801 rius
254 2730 360 2802 dicere
376 2743 408 2803 et
425 2729 554 2804 credere
571 2730 695 2802 trinitas
714 2732 884 2804 nominum
904 2730 1009 2828 exigit.

226 2906 277 2981 lV.
306 2907 353 2979 lta
375 2906 507 3008 quidem
530 2906 653 3006 opinati
670 2920 746 2978 sunt
768 2907 919 3006 quidam,
937 2934 1107 2980 concussas
1128 2919 1226 3006 atque
1248 2905 1460 2980 fundamento
1478 2905 1648 2979 destitutas
1667 2933 1746 2978 con-

173 3027 341 3100 stituentes
370 3027 551 3112 doctrinas,
580 3026 752 3100 essentiam
784 3026 921 3127 perinde
954 3055 990 3098 ac
1023 3027 1156 3098 nomina
1191 3025 1290 3097 dividi
1322 3026 1523 3099 credentesl.
1547 3025 1683 3112 Verum,
1710 3039 1747 3098 ut

173 3147 297 3233 dixisti,
319 3147 378 3221 bos
404 3149 594 3248 opinionum
618 3147 777 3220 debilium
799 3173 932 3220 suarum
958 3146 1123 3244 apologias
1147 3157 1252 3217 texere
1276 3146 1511 3246 relinquamus.
1532 3145 1595 3218 Nos
1619 3161 1745 3230 autern,

173 3296 273 3368 quam
295 3267 507 3368 reprobanda
529 3268 594 3340 sint
616 3267 716 3368 probe
741 3267 892 3350 scientes,
913 3280 1090 3338 statuemus
1106 3265 1247 3366 primum
1270 3293 1339 3337 esse
1357 3267 1463 3338 Deum
1475 3269 1514 3351 1⁰,
1533 3280 1630 3366 atque
1651 3265 1746 3339 dein-

173 3416 247 3488 ceps
269 3389 389 3462 sedulis
415 3389 622 3461 ostendemus
651 3387 850 3486 argumentis
881 3415 956 3459 euru
985 3413 1054 3459 esse
1081 3386 1296 3458 substantiam
1324 3386 1519 3487 simplicem,
1546 3399 1578 3459 ct
1613 3387 1745 3488 quidem

174 3509 352 3582 necessario
382 3509 561 3609 simplicem
592 3523 623 3582 et
653 3508 898 3595 indivisibilem;
921 3507 1160 3608 simplicitatem
1191 3507 1541 3608 incorporeitatemque
1573 3507 1604 3581 ei
1631 3521 1747 3582 natura

174 3643 365 3730 competere.

224 3807 261 3880 V.
290 3808 347 3890 At,
364 3808 445 3880 lorte
471 3808 565 3880 nobis
585 3837 620 3881 ex
640 3801 772 3880 adverso
795 3807 935 3880 occurrit
956 3805 1119 3880 distinctio
1136 3807 1323 3890 nominum,
1350 3801 1515 3906 triumque
1538 3803 1747 3908 (nominum)

174 3954 330 4000 numerus
350 3928 433 4001 cutis
452 3930 596 4028 supremi
614 3929 770 4001 unitatem
792 3927 833 4000 de
852 3927 959 4000 medio
980 3927 1086 3999 tollitl
1103 3927 1204 4012 Num,
1219 3927 1328 4025 igitur,
1347 3927 1423 4027 quia
1446 3926 1521 4028 (ens
1540 3923 1748 4026 supremum)

175 4048 306 4122 unicum
321 4062 384 4134 cst,
400 4051 546 4135 Patrem,
560 4050 695 4135 tilium,
712 4050 937 4150 Spiritumque
952 4049 1107 4122 Sanctum
1122 4049 1270 4122 confiteri
1286 4048 1433 4146 refugere
1449 4048 1628 4122 debemus?
1639 4046 1746 4120 Absitl

174 4171 210 4242 ln
234 4185 307 4244 autc
328 4198 479 4270 supremo
499 4185 605 4272 partes
626 4199 691 4242 non
710 4198 777 4244 osse
797 4171 960 4254 novimus,
976 4197 1087 4243 verum
1106 4171 1191 4242 banc
1207 4169 1375 4242 scientiam
1394 4195 1459 4241 non
1475 4168 1563 4241 laedit
1584 4169 1747 4268 impositio

172 4293 352 4364 nominum.
368 4292 457 4366 llille
478 4291 596 4365 etenim
617 4292 805 4365 nominibus
822 4319 873 4363 rcs
889 4291 1122 4364 intellectuales
1137 4291 1253 4364 donari
1269 4290 1393 4375 valent,
1407 4289 1569 4391 siquidem
1585 4317 1603 4361 a
1618 4288 1749 4390 populis

209 4525 217 4556 ¹
238 4523 281 4578 Gr.
295 4525 367 4576 odola
382 4531 408 4577 et
425 4525 505 4590 φύσις.
520 4523 588 4578 Duas
604 4541 673 4578 voces
692 4522 763 4586 istas,
778 4524 865 4598 primis
877 4523 923 4578 Ec-

171 4616 251 4671 clesiae
273 4616 381 4682 saeculis,
402 4615 496 4690 absque
518 4615 660 4672 discrimine
682 4635 757 4670 unam
779 4636 825 4691 pro
845 4617 922 4672 altera

173 4717 302 4783 usurpatas
331 4707 418 4772 luisse,
444 4729 518 4764 nemo
551 4717 588 4764 est
617 4709 661 4784 qui
693 4710 790 4765 nesciat.
817 4743 855 4751 -
874 4711 922 4766 ¹ll

171 4802 251 4856 omitt.
269 4801 340 4867 Quod
362 4804 425 4856 enim
448 4803 551 4876 simplas
572 4814 607 4858 est
627 4803 725 4858 unicum
749 4815 784 4858 est
810 4824 852 4858 nec
876 4825 924 4860 nu-

172 4911 264 4948 mmum
283 4897 385 4968 potitur.
403 4928 440 4936 -
457 4898 498 4950 Ἀ
516 4895 562 4949 sub
583 4896 696 4951 numer-ia
714 4929 751 4938 —
767 4898 777 4931 ⁶
792 4897 830 4952 ld
854 4897 923 4952 tinc-

172 5003 226 5040 ram
233 4984 320 5058 lgitur.
329 5019 367 5028 -
377 4991 387 5022 ¹
407 4988 442 5044 lld
454 4988 560 5044 litteram
570 4991 682 5044 madunt
692 4989 816 5063 apidibus
826 4991 921 5044 rustris.

172 5081 233 5119 —⁸
252 5079 298 5134 llic
320 5099 403 5136 rocem
421 5082 482 5142 ΙΝ.
503 5083 628 5140 transtulit
645 5083 728 5157 llyssel
745 5101 791 5156 per
808 5080 922 5155 διήμα-

172 5191 233 5226 rom.
263 5174 294 5226 tt
319 5183 462 5248 argumenta
494 5176 568 5231 larissa
597 5196 611 5231 e
639 5195 764 5231 sacrorum
792 5176 923 5229 Librorum

173 5266 241 5321 sonte
260 5265 336 5339 petits
355 5284 369 5320 s
389 5267 528 5341 Philagrio,
543 5269 605 5324 nibil
631 5267 755 5343 estquod
774 5267 876 5324 suadeat
897 5269 923 5323 in

173 5359 285 5433 Gregorii
309 5365 420 5414 tractatu.
439 5363 502 5402 -7
523 5363 542 5416 B
561 5363 725 5417 rccutndc'nem
743 5363 921 5434 cogitationum.

999 4523 1152 4599 lfioaitntss
1172 4524 1225 4578 loco
1233 4523 1371 4598 fimiton's.
1388 4554 1426 4563 -
1443 4524 1454 4556 ⁸
1473 4522 1520 4577 Hic
1538 4521 1628 4576 iterum
1646 4520 1729 4593 llyssel
1748 4539 1754 4570 ι

998 4616 1070 4671 Nunc
1101 4615 1135 4672 od
1161 4635 1205 4670 nos
1235 4615 1332 4671 accedat
1359 4610 1489 4689 Scriptura
1517 4614 1636 4694 dicatque.
1659 4613 1750 4668 Verum

999 4710 1039 4764 bic
1064 4710 1148 4764 nullus
1171 4728 1246 4764 sacrae
1266 4709 1399 4783 Scriptura.¹
1424 4715 1503 4764 textus
1526 4706 1666 4770 adducitur,
1684 4703 1750 4760 unde

998 4803 1088 4858 merito
1101 4821 1185 4858 rocem
1197 4803 1259 4864 ΙΝ.
1273 4821 1318 4876 per
1330 4821 1458 4857 emmanu
1470 4799 1624 4855 reddendam
1636 4817 1690 4854 esse
1702 4817 1751 4872 pu-

1000 4904 1088 4952 temus.
1103 4899 1165 4936 -⁹
1185 4893 1246 4950 Inde
1263 4913 1312 4949 nou
1332 4895 1458 4949 immerito
1475 4893 1601 4964 conjicias,
1615 4897 1643 4945 ut
1657 4891 1751 4965 optimc

998 4989 1060 5044 dixit
1074 4988 1170 5061 llyssel,
1182 4988 1330 5063 Gregorium
1344 4987 1427 5043 invehi
1441 4992 1527 5042 matra
1542 4984 1672 5059 Porphyrii
1683 5001 1751 5038 asse-

998 5083 1060 5148 clas,
1071 5083 1115 5157 qui
1130 5101 1187 5137 cum
1204 5082 1323 5156 magistro
1340 5079 1479 5136 sentiebant
1498 5087 1548 5134 tres
1567 5097 1620 5134 esse
1633 5077 1707 5141 deos,
1724 5083 1752 5131 ut

1000 5177 1045 5230 tria
1070 5182 1128 5230 sunt
1150 5175 1258 5229 nomina.
1282 5174 1325 5228 Cir
1344 5173 1439 5246 Ryssel,
1461 5192 1486 5247 p.
1508 5191 1573 5237 tta,
1593 5179 1618 5227 et
1636 5179 1748 5226 sanctum

999 5269 1178 5342 Augustinum,
1197 5266 1235 5322 Do
1255 5268 1349 5322 ciciwts
1365 5265 1426 5329 Dei,
1441 5285 1468 5332 x,
1482 5285 1527 5340 ap.
1538 5297 1577 5308 -
1592 5269 1610 5302 ¹⁰
1630 5265 1650 5322 B
1668 5263 1748 5320 omitt

999 5360 1083 5415 Dum.
