4006 6098
310 549 377 616 ott
651 545 824 612 paruuli
856 543 1261 611 ANTENICAENORUM
1293 543 1536 611 bNdlAECTd.

309 700 418 771 denuo
442 724 506 769 non
524 697 738 796 baptizentur.
767 695 830 779 Oui
849 708 956 766 autem
980 693 1022 765 ab
1045 691 1118 766 aliis
1140 691 1317 766 baeresibus
1340 707 1569 766 convertuntur
1595 693 1739 766 Ecclesia
1763 709 1898 766 sancta·

310 821 468 919 baptismo
481 818 690 920 perficiantur
700 821 721 888 ¹.
741 814 854 917 (171)

1066 1066 1120 1136 111

510 1268 787 1332 FRAGMENTUM
808 1266 1016 1328 EPISTOLAE
1037 1264 1178 1328 stncrl
1199 1265 1674 1330 olourstlaunxannntnl

405 1414 451 1469 AD
471 1411 688 1468 enuntiabunt
710 1410 899 1474 Rouaditai,
920 1409 967 1464 DE
987 1408 1182 1474 barrisno,
1202 1408 1314 1464 GUJUS
1334 1408 1517 1464 EPISTOLAE
1538 1410 1683 1465 lNlTlUll
1704 1411 1785 1466 usas

507 1542 611 1609 «Qum
627 1541 742 1596 ΑΝΤΕΑ
757 1541 871 1596 ensal
886 1540 988 1604 SUNT,
1004 1539 1093 1603 TlBl,
1110 1539 1249 1593 FRATER
1273 1538 1424 1603 bosran,
1443 1539 1539 1595 NOTA
1556 1539 1683 1596 FECl’a.

360 1711 457 1797 Quod
472 1711 498 1782 si
516 1710 589 1811 quis
607 1708 648 1782 de
663 1710 731 1781 lleo
745 1708 879 1808 impium
898 1707 1022 1808 aliquid
1040 1706 1199 1807 proferat,
1220 1721 1255 1777 ut
1278 1707 1401 1778 iaciunt
1421 1707 1468 1778 illi
1487 1709 1544 1808 qui
1559 1709 1672 1782 dicunt
1691 1709 1795 1782 Deum
1810 1739 1885 1784 esso

308 1832 526 1906 misericordia
541 1831 747 1914 destitutum,
759 1843 815 1902 aut
830 1828 968 1901 aliorum
983 1826 1119 1900 deorum
1136 1827 1258 1900 cultum
1276 1827 1476 1914 introducat,
1494 1827 1591 1902 talem
1606 1831 1770 1930 lapidibus
1784 1833 1884 1905 obrui

308 1969 456 2056 oportere
476 1952 619 2052 praecipit
631 1953 708 2036 Lem
728 1977 787 2022 nos
806 1963 914 2022 autem
931 1950 1008 2021 istos
1024 1975 1110 2020 sanae
1129 1948 1205 2020 fidei
1218 1949 1323 2021 verbis
1341 1949 1534 2048 lapidamus.
1550 1951 1647 2034 Quod
1660 1953 1686 2024 si
1701 1954 1796 2025 otiam
1816 1955 1885 2026 ali-

308 2076 381 2176 quia
395 2073 598 2173 mysterium,
615 2071 703 2173 quod
721 2071 860 2142 instituit
878 2069 1038 2154 Christus,
1063 2096 1128 2142 non
1150 2069 1299 2171 recipiat,
1319 2069 1468 2142 immutet
1485 2084 1516 2142 et
1534 2077 1727 2170 pervertat³,
1746 2073 1884 2174 (Chris-

308 2196 394 2296 tum)
413 2209 469 2266 aut
489 2221 554 2264 non
573 2219 642 2264 esse
665 2191 786 2274 Deum,
808 2205 864 2263 aut
884 2189 1051 2262 bominem
1069 2218 1135 2263 non
1154 2189 1268 2272 luisse,
1288 2204 1344 2262 aut
1361 2205 1526 2263 mortuum
1543 2219 1610 2264 non
1626 2219 1711 2275 esse,
1738 2207 1880 2265 autnon

307 2316 532 2398 resurrexisse,
550 2329 607 2386 aut
625 2340 689 2385 non
709 2327 881 2386 venturum
897 2338 965 2384 esse
984 2326 1019 2383 ut
1032 2311 1156 2409 judicet
1174 2313 1259 2387 viros
1284 2327 1316 2386 et
1338 2327 1498 2395 mortuos,
1522 2327 1579 2386 aut
1599 2313 1766 2413 quidpiam
1788 2313 1882 2386 aliud

308 2437 462 2511 «nuntiet
483 2463 582 2535 quam
601 2433 690 2534 quod
709 2434 1031 2516 annuntiavimus-¹¹22,
1055 2434 1107 2505 bic
1124 2434 1297 2506 anathema
1315 2435 1372 2520 sit,
1392 2435 1437 2507 ait
1459 2433 1592 2507 Paulus.
1611 2435 1647 2508 Si
1671 2437 1883 2508 resurrectio-

237 2587 245 2606 ·
309 2585 383 2631 nem
409 2557 481 2656 quis
508 2557 662 2653 denegat,
682 2555 768 2628 inter
793 2569 938 2627 mortuos
963 2568 1178 2653 computetur.
1204 2555 1280 2628 Haec
1302 2571 1396 2630 caute
1424 2556 1560 2628 dicimus
1586 2555 1626 2627 de
1652 2557 1733 2655 istis,
1762 2562 1816 2630 ιιῑ5
1845 2559 1880 2629 in

307 2678 462 2749 unionem
479 2701 723 2748 remaneamus:
745 2673 883 2748 ecclcsiae
902 2702 974 2746 cum
993 2673 1148 2759 ecclesiis,
1164 2674 1304 2775 episcopi
1321 2703 1397 2747 cum
1413 2677 1586 2777 episcopis,
1605 2675 1787 2750 sacerdotes
1804 2705 1879 2750 cum

307 2797 555 2871 sacerdotibusss.

359 2919 396 2990 ln
415 2917 546 3016 judiciis
571 2931 602 2989 et
623 2917 657 2989 in
682 2917 778 2990 rebus
804 2945 877 3017 que
899 2917 1083 2990 individuas
1111 2945 1266 3018 personas
1293 2897 1456 3018 spectant,
1481 2920 1643 3020 quomodo
1672 2934 1818 3021 oporteat
1845 2950 1879 2994 se

307 3067 418 3139 gerere
434 3066 509 3138 erga
526 3054 690 3112 extraneos
713 3055 744 3112 et
760 3039 941 3112 conversari
959 3067 1032 3112 cum
1054 3040 1092 3112 iis
1111 3041 1167 3141 qui
1190 3054 1266 3113 sunt
1283 3040 1368 3112 intra
1386 3041 1579 3126 Ecclesiam,
1597 3056 1750 3142 putamus
1768 3070 1881 3116 assen-

308 3161 453 3234 tiendum
484 3189 552 3234 esse
575 3162 613 3233 iis
642 3161 699 3261 qui
724 3159 859 3258 singulis
881 3176 1025 3261 praesunt
1048 3161 1127 3234 locis
1155 3163 1277 3263 quique
1304 3160 1411 3234 divina
1436 3163 1676 3236 consecratione
1699 3164 1879 3238 ministerio

309 3283 433 3384 praelati
447 3296 531 3354 sunt.
547 3284 592 3355 lle
606 3298 736 3366 cratero,
752 3310 864 3355 corum
879 3311 951 3382 quae
966 3299 1067 3381 agunt
1083 3284 1220 3356 Domino
1233 3297 1341 3356 nostro
1353 3283 1516 3382 judicium
1531 3285 1755 3385 relinquimus.
1771 3286 1879 3385 (172)

1069 3551 1115 3620 IV

666 3743 718 3806 llll
738 3742 935 3804 urtsroue
955 3742 1009 3804 Ab
1031 3741 1197 3812 SlX’l'Ubl,
1218 3741 1354 3804 ΡΛΡΑΜ
1376 3743 1516 3818 noum,

489 3887 599 3941 cutus
615 3885 797 3940 EPlS'l'ObAE
814 3885 959 3940 INl'l'IUll
975 3883 1058 3940 EST:
1075 3884 1243 3942 “SUSCEPI
1261 3886 1464 3942 nrlsrotan
1480 3888 1637 3942 vesanior
1648 3886 1689 3940 ’ἢ

360 4055 462 4128 Deum
484 4053 724 4137 absconditum,
746 4055 857 4128 lesum
872 4053 1030 4136 Verbum,
1048 4081 1145 4154 quem
1166 4055 1352 4154 ignorantes
1369 4070 1455 4128 recte
1473 4069 1579 4130 tamen
1604 4057 1713 4128 colunt
1729 4056 1872 4129 lltbnici.

305 4174 409 4248 ludaei
428 4175 669 4256 cmcisrxerunt,
688 4175 763 4249 licet
778 4175 919 4248 Verbum
937 4192 1020 4249 essct
1037 4175 1258 4260 adorandum,
1276 4177 1352 4276 quia
1372 4203 1438 4248 non
1457 4191 1614 4250 noverunt
1631 4203 1718 4250 eum.
1732 4177 1873 4250 Verbum

307 4310 375 4368 erat
398 4295 615 4379 adorandum,
634 4297 774 4368 Verbum
797 4297 911 4369 Patris.
937 4298 1001 4369 Nec
1024 4297 1196 4396 quisquam
1220 4311 1311 4396 putot
1333 4325 1385 4369 me
1409 4296 1496 4368 idola
1516 4297 1690 4372 colentium
1713 4297 1876 4369 delensio-

346 4477 352 4507 ¹
373 4473 454 4528 Codex
478 4475 505 4526 C.
524 4473 632 4546 epistole
651 4471 807 4546 Dionysiana
830 4473 967 4548 fragmento
992 4473 1052 4526 sn'b-

303 4569 411 4642 jungit:
432 4566 514 4619 elluic
532 4565 644 4640 opinioni
665 4565 822 4622 adbuenmt
841 4567 944 4622 trecenti
965 4565 1052 4621 decem

307 4669 350 4716 net
372 4667 426 4714 octo
447 4661 533 4714 Patres
554 4659 598 4732 qui
620 4660 646 4713 in
666 4659 745 4713 Nicea
768 4660 829 4715 orbe
853 4660 956 4715 adunati
980 4667 1050 4724 sunt,

306 4763 351 4810 sot
368 4754 403 4808 illi
421 4755 476 4828 qui,
495 4761 552 4827 post
567 4771 621 4816 eos,
640 4753 666 4807 in
682 4753 795 4808 Ecclesiis
810 4754 911 4810 luerunt
928 4761 1051 4827 pastorem

307 4849 360 4902 «illi
372 4867 430 4902 roro
443 4847 487 4922 qui
500 4848 527 4901 in
543 4846 621 4902 llrioa
639 4846 665 4900 in
681 4865 759 4902 unum
776 4853 954 4910 convenerunt,
965 4846 1053 4901 diebus

307 4941 454 5014 «Cypriani,
476 4940 634 5014 respicientes
650 4939 682 4994 ad
699 4941 823 4994 lmreseon
846 4940 1052 5014 appellationem,

307 5033 474 5089 «medicinam
487 5033 638 5108 singularem
648 5032 818 5088 admoverunt.
827 5033 864 5088 llli
877 5033 990 5087 rirelrant
999 5031 1054 5086 die-

307 5127 372 5182 «bru
389 5127 497 5200 Dionysii
512 5127 605 5200 Magni.
621 5127 671 5191 Qui
685 5135 768 5182 autern
783 5125 917 5201 pastillum
931 5133 1054 5181 venerunt

309 5222 489 5275 «distinxerant
503 5221 580 5275 varios
601 5221 701 5276 morbos
716 5229 741 5275 et
758 5221 889 5294 unicuique
904 5219 1053 5276 conveniens

308 5313 464 5376 «remedium
475 5314 638 5369 attulerunts
650 5320 701 5356 --¹
715 5315 771 5369 llaec
781 5314 843 5369 lorto
856 5313 985 5388 desumpta
996 5323 1054 5369 sunt

1128 4491 1156 4526 ex
1166 4471 1269 4545 epistola
1277 4472 1307 4525 nd
1321 4479 1433 4526 sanctum
1441 4491 1530 4546 papam
1540 4471 1709 4546 Stephanum,
1720 4492 1776 4547 qua
1785 4471 1876 4527 dicitur

1128 4565 1207 4640 prima
1223 4564 1254 4619 cle
1265 4566 1404 4640 baptismo,
1418 4567 1537 4639 cujusque
1549 4573 1645 4642 partem
1658 4567 1744 4620 recitat
1756 4567 1876 4621 Eusebius

1128 4660 1154 4712 in
1175 4657 1237 4711 llist.
1258 4658 1338 4713 eccles.
1358 4659 1401 4713 lib.
1420 4660 1476 4722 Vll,
1495 4679 1547 4734 cap.
1565 4680 1587 4713 r.
1608 4659 1652 4714 cte
1670 4659 1759 4714 Potrol.
1777 4659 1821 4712 Gr.
1839 4660 1874 4722 X,

1128 4751 1174 4806 col.
1191 4753 1313 4806 13¹3.-
1328 4757 1338 4786 ³
1353 4753 1372 4807 B
1385 4765 1548 4808 attentetur.
1562 4786 1599 4795 -
1612 4755 1621 4788 ⁸
1636 4753 1675 4808 la
1686 4754 1799 4818 Galatas,
1812 4771 1834 4816 r,
1848 4771 1875 4824 9.

1128 4849 1184 4886 -'
1198 4845 1217 4900 B
1229 4846 1287 4919 prtia
1296 4847 1321 4899 in
1332 4847 1419 4900 anione
1428 4867 1519 4900 marera.
1527 4877 1565 4887 -
1575 4850 1585 4881 ⁸
1596 4847 1655 4910 llic,
1666 4847 1692 4900 in
1704 4848 1736 4906 l.
1747 4846 1875 4920 fragmen-

1129 4947 1182 4993 tum
1190 4937 1290 4994 desinit.
1303 4971 1339 4980 —-
1350 4941 1359 4972 ⁷
1373 4939 1413 4994 Nil
1426 4938 1568 5013 hujusmodi
1579 4939 1717 5012 reperimus
1725 4939 1753 4992 in
1764 4939 1876 5012 reliquiis

1129 5051 1187 5106 quse
1214 5051 1242 5088 ex
1267 5033 1367 5088 Eusebii
1391 5033 1496 5088 Historia
1515 5033 1643 5089 eecbaiaat.
1665 5033 1811 5088 alleruntur.
1830 5033 1877 5088 Pa-

1130 5127 1215 5206 nulop.
1235 5125 1337 5190 Latiam
1352 5133 1370 5181 t.
1382 5127 1409 5192 V,
1428 5127 1473 5182 col.
1493 5129 1536 5200 89.
1551 5128 1614 5192 Qua·
1628 5127 1696 5182 lrlca
1713 5133 1796 5181 sancto
1811 5128 1874 5181 Dio-

1130 5223 1198 5294 nysio
1215 5220 1380 5276 Alexandrino
1394 5221 1535 5276 scribuntur
1548 5221 1580 5276 ad
1597 5229 1709 5276 sanctum
1725 5222 1820 5275 Sixtum
1839 5221 1875 5280 ΙΙ,

1130 5317 1149 5369 si
1164 5315 1271 5388 pecuina
1284 5323 1380 5380 essent,
1393 5315 1537 5388 praclarum
1550 5316 1689 5390 preberent
1699 5323 1875 5390 argumentum
