3980 6084
748 577 950 644 SANCTUS
979 577 1183 646 SERAPlO.

932 874 998 944 Vll

460 1046 512 1108 Ell
531 1044 826 1110 communitum
845 1045 993 1109 Psttnss
1015 1047 1262 1110 NONAGESlMl
1284 1047 1467 1109 sustinul.

231 1189 344 1262 «Patri
362 1202 393 1262 et
411 1188 492 1262 Filio
511 1191 611 1260 unam
627 1215 695 1262 esse
710 1189 925 1262 substantiam
942 1189 992 1264 his
1010 1189 1114 1264 verbis
1132 1189 1312 1264 ostendit.»

230 1309 299 1382 Hae
316 1310 403 1382 enim
419 1303 633 1411 (substantia)
648 1309 762 1393 ambo,
782 1309 935 1382 invisibili
949 1310 1064 1396 modo,
1081 1311 1163 1382 mira
1181 1324 1351 1409 peragunt.
1369 1311 1446 1384 Haee
1460 1339 1557 1411 porro
1576 1311 1749 1395 miracula,

179 1427 291 1532 (213)
315 1430 480 1503 multoties
502 1429 560 1501 uni
582 1429 626 1502 ita
654 1429 799 1502 tolerunt
822 1429 910 1504 tibn'
931 1430 1030 1504 divini
1048 1445 1086 1502 ut
1107 1430 1297 1505 dualitatem
1323 1459 1359 1505 ex
1382 1432 1506 1505 unitate
1527 1432 1752 1515 introducant,

179 1563 236 1623 aut
251 1579 287 1624 ex
305 1549 460 1622 dualitate
476 1551 632 1623 unitatem
647 1548 838 1650 praedicent,
857 1551 932 1651 quin
953 1551 1133 1625 Divinitatis
1151 1579 1218 1624 una
1235 1567 1284 1628 est
1300 1552 1492 1626 substantia.

922 1818 1009 1890 vltl

231 2023 370 2106 Quando
389 2023 489 2121 igitur
506 2023 551 2094 ait
570 2022 752 2094 Dominus:
772 2020 924 2094 «Creavit
940 2049 992 2094 me
1009 2020 1140 2094 initium
1161 2022 1284 2094 viarum
1305 2048 1438 2094 suarum
1454 2017 1607 2121 operibus
1622 2021 1688 2093 suis
1700 2026 1753 2105 ¹,n

181 2143 267 2216 claro
282 2143 480 2218 demonstrat
495 2157 686 2242 argumento
703 2143 866 2216 bonorum
881 2142 1079 2244 principium
1092 2142 1295 2216 immutabile
1310 2142 1404 2218 nobis
1419 2142 1573 2216 exstitisse
1584 2143 1752 2216 hominem

180 2264 362 2350 Christum,
376 2264 530 2363 quoniam
546 2291 605 2338 nos
623 2265 666 2337 ad
681 2265 765 2338 vium
781 2263 938 2338 coelorum
953 2263 1078 2336 direxit.

940 2534 989 2604 lll

233 2736 321 2819 Ouid
335 2737 454 2808 mirum
466 2737 514 2809 vel
527 2752 660 2838 stupore
674 2737 810 2834 dignum
826 2737 859 2808 in
874 2763 912 2810 eo
928 2736 1017 2838 quod
1033 2751 1127 2809 anteo
1143 2735 1243 2808 homo
1253 2733 1402 2808 Christus
1416 2747 1510 2807 notus
1526 2734 1623 2806 aDeo
1638 2734 1754 2817 luerit,

167 2870 213 2930 ,et
229 2858 263 2930 in
280 2857 387 2930 divina
402 2872 511 2931 mente
525 2871 611 2931 certo
629 2855 724 2929 modo
741 2857 936 2958 dispositus?
1628 2840 1634 2852 ⁹

952 3127 979 3195 X

233 3328 268 3400 si
285 3327 384 3426 igitur
403 3327 522 3400 «uobis
542 3328 644 3400 lactus
664 3327 807 3428 primum
832 3341 880 3400 est
895 3325 1091 3427 snpientia².
1108 3379 1116 3396 .
1133 3379 1142 3397 .
1159 3357 1177 3394 n
1192 3324 1279 3398 vidos
1295 3326 1335 3397 ab
1356 3324 1412 3396 illo
1432 3323 1484 3396 hie
1502 3323 1607 3398 vocari
1627 3324 1756 3424 sapien-

183 3449 260 3520 tiam
277 3447 443 3519 hominem
458 3448 638 3532 Christum,
658 3449 736 3521 dum
754 3447 1012 3548 praecedentibus
1029 3473 1172 3544 congrua
1191 3445 1311 3518 statuit.
1332 3445 1445 3546 (ild)

929 3901 1008 3991 XX

718 4141 940 4214 SANCTUS
975 4132 1222 4214 sutilium

963 4551 978 4622 l

663 4722 715 4784 Ell
734 4722 908 4785 {totilum
932 4723 985 4784 llll
1004 4722 1276 4786 vlnulrtlrtsu.

235 4886 327 4958 Nulla
351 4885 469 4960 mulier
487 4885 544 4959 viri
567 4912 773 4984 congressum
798 4885 956 4959 sustinere
979 4884 1062 4959 vnlet
1080 4885 1160 4986 quin
1183 4913 1322 4987 puerum
1344 4883 1520 4988 concipiat,
1544 4901 1576 4960 et
1600 4913 1683 4985 puer
1697 4885 1754 4986 qui

185 5005 336 5093 nascitur,
354 5008 479 5108 indiget
501 5021 571 5080 tum
592 5004 692 5080 ubere
708 5019 777 5080 tum
795 5033 872 5080 cura
894 5006 1020 5092 matris,
1040 5033 1137 5106 quam
1155 5019 1268 5107 partus
1287 5007 1436 5082 inutilem
1455 5035 1520 5080 non
1539 5007 1661 5092 reddit,
1680 5034 1753 5079 cum

222 5241 229 5272 ¹
249 5237 363 5294 l'rooerln
377 5259 436 5306 uu,
451 5261 495 5296 os.
507 5245 570 5282 -’
590 5241 601 5296 1
621 5241 662 5295 Aa
679 5239 786 5295 Corinth.
805 5260 829 5304 r,
847 5243 892 5297 30.
905 5273 942 5284 -
958 5245 969 5276 ³
985 5241 1033 5296 llic
1049 5241 1152 5315 Serapio
1168 5240 1259 5300 dieitur
1275 5241 1398 5298 'l'hmuilor
1415 5243 1556 5316 episeopus,
1575 5241 1642 5298 uude
1656 5240 1755 5296 videtur

149 5378 154 5396 ,
185 5330 227 5386 illo
239 5349 291 5386 asse
308 5320 341 5386 ile
358 5350 409 5405 quo
432 5333 483 5406 agit
496 5333 560 5388 llom
573 5333 681 5399 ceillier,
695 5331 759 5388 llirt.
771 5337 828 5407 ge'o.
839 5334 881 5389 dea
894 5345 948 5389 not.
961 5334 1041 5388 wolde.
1055 5333 1096 5398 ll,
1107 5353 1132 5408 p.
1145 5335 1198 5390 332
1214 5341 1240 5390 et
1251 5353 1304 5409 seq.
