3980 6084
257 471 324 540 eos
610 469 783 552 PATRUM
808 469 1208 538 ANTENICAENORUM
1235 470 1475 540 innitent.

308 622 428 696 Revera
448 650 529 723 opus
547 649 566 694 a
583 621 621 694 cl.
641 620 815 719 lloesinger
831 620 955 694 editum
970 646 1039 694 esse
1055 621 1151 694 laetus
1166 622 1201 695 S.
1216 619 1393 722 Ephremi,
1409 618 1529 722 syriace
1547 621 1696 724 primitus
1713 653 1826 700 exera-

256 757 325 816 tum
342 771 439 845 super
454 743 581 816 lationi
596 742 817 827 Diatessaron‚
831 754 947 842 praeter
960 755 1152 840 argumenta
1167 743 1329 843 permulta
1345 743 1463 844 quibus
1475 743 1509 817 id
1520 745 1636 818 evincit
1650 747 1689 820 cl.
1709 747 1824 832 editor,

253 865 358 965 liquet
375 866 409 937 in
430 865 545 966 primis
565 892 602 938 ex
624 865 776 963 Dionysio
795 863 971 948 Barsalibi‚
995 865 1052 964 qui
1074 865 1183 936 floruit
1201 891 1272 936 saec.
1291 893 1351 950 111,
1368 893 1531 966 quemque
1553 893 1621 968 prae
1644 867 1744 941 oeulis
1761 868 1825 942 he-

252 984 361 1058 buissc
374 985 407 1058 S.
420 983 583 1086 Ephraemi
597 983 890 1068 Commentarium‚
901 985 947 1057 ita
963 984 1067 1084 ipsius
1084 985 1180 1058 verba
1198 986 1397 1086 apertissime
1413 986 1591 1060 ostendunt
1606 1021 1613 1060 :
1628 989 1822 1074 «Titanus,

253 1105 388 1178 ascribit
402 1105 592 1204 Dionysius,
605 1103 783 1205 discipulus
799 1103 917 1177 lustini
932 1104 1120 1206 philosophi
1135 1117 1168 1178 et
1181 1107 1345 1206 martyris,
1360 1107 1457 1204 elegit
1474 1135 1510 1180 ex
1526 1123 1667 1208 quatuor
1680 1109 1824 1207 Evange-

253 1226 329 1298 eliis
347 1238 380 1299 et
397 1226 569 1298 connexuit
584 1237 616 1297 et
632 1225 769 1299 coniecit
780 1225 1007 1324 Evangelium‚
1021 1225 1110 1327 quod
1125 1225 1332 1299 Diatessaron
1350 1227 1577 1329 nuncupabat,
1588 1228 1610 1300 i.
1625 1255 1653 1301 e.
1665 1229 1824 1304 miscella-

252 1373 387 1419 eneum.
409 1347 478 1418 Hoc
499 1346 656 1447 scriptum
675 1346 904 1447 interpretatus
928 1358 976 1419 est
996 1347 1029 1420 S.
1051 1346 1212 1448 prraem.
1231 1347 1405 1421 Exordium
1429 1350 1499 1448 ejus
1517 1350 1603 1423 luit:
1624 1349 1660 1421 ln
1676 1350 1823 1452 principio

251 1483 340 1539 cerat
357 1465 542 1538 Verlum¹.r
562 1465 607 1538 Ex
620 1466 672 1539 his
686 1493 761 1540 vero
778 1464 962 1540 luculenter
976 1466 1133 1540 evincitur
1144 1467 1272 1540 'latieni
1287 1467 1494 1542 Diatessaron
1513 1469 1634 1568 syriace
1650 1471 1822 1571 scriptum,

250 1588 284 1661 S.
300 1587 462 1689 Ephremi
479 1599 572 1660 etate
590 1613 656 1660 non
673 1586 772 1660 modo
790 1588 1017 1688 pervolgatum
1031 1587 1145 1672 luisse,
1162 1589 1402 1676 verumetiam,
1420 1602 1456 1662 ut
1474 1589 1620 1663 observet
1636 1590 1676 1663 cl.
1693 1592 1782 1664 Zahn
1796 1597 1821 1677 ²,

183 1805 185 1810 Ι
249 1733 353 1810 usque
369 1708 411 1781 ad
423 1707 605 1782 Ehed-Jesu
619 1707 773 1782 Sohensis
788 1722 935 1810 tempore
947 1708 1077 1782 unicam
1090 1707 1190 1781 luisse
1204 1733 1304 1809 penes
1321 1709 1488 1783 ecclesiam
1502 1709 1667 1811 Syriacam
1678 1711 1823 1812 Evange-

248 1827 367 1905 liorum
390 1829 606 1902 harmoniam.
625 1829 697 1902 lam
718 1853 810 1915 vero,
830 1830 976 1931 quemvis
998 1829 1035 1902 iu
1053 1830 1088 1903 S.
1107 1826 1269 1930 llpbrmmi
1293 1831 1572 1932 explanationibus
1592 1833 1699 1908 multa
1716 1833 1823 1907 desint

246 1977 318 2052 que
333 1951 496 2024 habentur
510 1952 544 2024 in
561 1951 739 2024 Harmonia
755 1949 905 2034 Victoris,
921 1950 998 2025 inde
1013 1964 1122 2024 nmen
1139 1951 1273 2025 minime
1291 1952 1439 2054 sequitur
1456 1952 1556 2054 hujus
1572 1981 1653 2054 opus
1668 1981 1737 2028 esse
1754 1955 1822 2028 'la-

243 2073 334 2145 tieno
349 2071 614 2172 abjudicandum.
626 2072 720 2146 Patet
739 2073 826 2145 enim
843 2073 878 2146 S.
894 2072 1054 2173 Ephrem.
1070 2097 1130 2173 pro
1150 2075 1411 2147 commentatoris
1426 2101 1540 2175 scopo,
1560 2075 1652 2174 plura
1673 2081 1821 2150 omittere

244 2193 387 2293 potuisse
410 2207 442 2267 et
460 2219 569 2267 revera
587 2193 748 2279 omisisse,
772 2191 933 2294 pluraque
953 2194 988 2266 in
1010 2191 1149 2267 Victoris
1169 2194 1382 2268 Harmoniam
1404 2193 1542 2268 (temno
1564 2197 1716 2297 temporis
1739 2196 1820 2270 irre-

244 2341 323 2415 pere
343 2315 503 2416 potuisse‚
528 2341 565 2388 cx
588 2314 707 2416 quibus
729 2315 881 2399 varietas,
902 2341 1116 2416 quecumque
1140 2315 1210 2416 ipse
1232 2316 1287 2401 sit,
1306 2316 1437 2391 initium
1455 2315 1618 2390 habuerit.
1634 2317 1818 2403 Venami

244 2463 318 2536 quse
339 2436 504 2509 diversitas
527 2449 589 2522 est,
613 2450 679 2509 tam
701 2435 803 2508 multe
826 2435 1011 2509 communie
1033 2435 1253 2535 reperiuntur,
1276 2450 1312 2509 ut
1333 2437 1456 2522 Zahn³‚
1481 2462 1578 2538 opere
1595 2450 1734 2539 utroque
1750 2439 1819 2511 eol·

241 2555 326 2642 lato,
345 2557 552 2630 Diatessaron
569 2577 689 2655 nempe
705 2554 828 2653 syriaco
843 2554 1046 2656 Victorisque
1064 2555 1257 2641 llarmonin,
1276 2569 1374 2656 prout
1392 2557 1460 2630 baec
1478 2570 1577 2631 exstat
1590 2558 1626 2630 in
1644 2559 1819 2660 exemplari

242 2676 413 2762 Fuldensi‚
438 2677 558 2749 inferre
576 2673 743 2759 maluerit,
770 2701 836 2748 non
861 2672 1063 2748 obstantibus
1084 2675 1389 2778 interpolationibus
1407 2703 1479 2779 quia
1507 2677 1642 2752 forsitan
1668 2707 1688 2752 o
1710 2680 1818 2782 primo

239 2797 416 2898 interprete
431 2795 504 2870 lieri
517 2809 669 2898 potuere,
686 2818 814 2870 necnon
831 2797 870 2869 iis
888 2821 960 2896 que
976 2821 1136 2870 accessere
1154 2797 1293 2875 decursu
1306 2795 1476 2901 temporis,
1492 2798 1533 2872 ab
1553 2799 1679 2899 origine
1698 2828 1818 2904 nempe

239 2945 345 3020 usque
359 2918 400 2992 ad
415 2918 550 2992 Victoris
569 2931 712 3005 etatem,
728 2917 867 2991 latinum
880 2917 1087 2993 Diatossaron
1098 2918 1288 2996 habendum
1304 2947 1372 2995 esse
1389 2921 1487 2994 veluti
1508 2921 1623 3020 syriaci
1641 2925 1818 3025 reprodue·

238 3041 371 3117 tionem.

287 3161 326 3236 Id
344 3190 420 3238 vero
440 3161 495 3265 (ut
517 3162 558 3236 ad
580 3189 650 3236 rem
669 3175 812 3236 nostram
834 3160 1016 3263 veniamus)
1031 3159 1150 3263 potiori
1164 3162 1289 3235 ratione
1310 3162 1373 3234 dici
1390 3161 1487 3238 debet
1504 3164 1546 3238 de
1559 3165 1764 3242 Dietessaron
1779 3164 1815 3238 in

234 3283 345 3358 codice
358 3283 488 3357 arabico
503 3283 658 3358 Vaticano
672 3295 706 3356 n⁰
719 3282 790 3356 XIV
807 3295 974 3368 contento,
988 3295 1025 3355 ut
1041 3283 1110 3383 ipse
1126 3281 1217 3354 Zahn
1237 3283 1420 3383 suspicatus
1436 3297 1499 3370 est,
1517 3285 1575 3385 qni
1595 3285 1740 3384 ejusdem
1758 3312 1817 3357 co-

234 3404 314 3478 dicis
334 3405 495 3504 integram
516 3404 693 3478 editionem
716 3404 888 3505 perutilem
909 3407 1037 3505 punct.
1061 3402 1184 3476 Eadem
1201 3405 1336 3476 omnino
1362 3406 1472 3505 opinio
1491 3405 1588 3480 nobis
1610 3420 1673 3491 est,
1692 3407 1816 3507 qui‚si

232 3526 368 3600 lecultns
381 3538 478 3611 esset,
490 3525 524 3599 id
538 3525 677 3598 libenter
690 3537 928 3627 praestaremus.
940 3524 1060 3597 Verum
1076 3549 1150 3596 cum
1166 3525 1314 3623 angustia
1327 3527 1496 3626 temporis,
1510 3526 1812 3611 extentissima,

231 3647 266 3722 id
283 3648 390 3750 operis
406 3646 561 3750 perlicere
576 3646 711 3720 minime
728 3646 830 3731 sinat,
849 3645 992 3718 contenti
1009 3645 1131 3719 erimus
1148 3642 1247 3718 talem
1262 3645 1412 3720 exhibere
1426 3647 1544 3720 codicis
1562 3647 1813 3749 descriptionem

230 3797 305 3872 quoa
327 3770 404 3843 satis
426 3769 468 3842 sit
491 3767 534 3842 ad
557 3766 815 3842 confirmandam
835 3766 895 3840 viri
913 3765 1033 3841 eruditi
1058 3765 1262 3868 opinionem,
1283 3767 1436 3841 intimum
1459 3793 1583 3872 nempe
1595 3769 1667 3842 dari
1691 3795 1813 3844 nexum

228 3892 315 3965 inter
331 3891 393 3966 hcc
412 3917 495 3992 opus
518 3915 556 3963 ec
578 3889 738 3990 syriacum
758 3888 976 3962 Diatessaron.
993 3887 1150 3973 Quinimo
1171 3915 1245 3961 cum
1267 3901 1372 3963 textus
1393 3883 1515 3964 arabici
1537 3891 1656 3966 codicis
1678 3917 1696 3964 e
1719 3890 1811 3964 lente

228 4012 350 4114 syriaco
366 4011 487 4086 directe
500 4010 685 4113 proveniat,
697 4023 735 4083 ut
748 4009 884 4083 inferius
899 4009 970 4083 luae
983 4004 1188 4111 probabitur,
1202 4009 1239 4082 lit
1251 4009 1346 4097 inde,
1361 4023 1396 4083 ut
1410 4010 1558 4112 ejusdem
1572 4011 1662 4112 leoga
1677 4011 1810 4099 notitia,

229 4161 295 4209 non
319 4133 417 4208 modo
440 4133 482 4206 ad
504 4131 766 4205 confirmandum
788 4144 910 4205 textum
932 4132 1093 4232 syriacum
1120 4130 1231 4233 quoad
1252 4129 1501 4230 Evangelionrm
1526 4130 1809 4215 concordantiam,

227 4255 447 4329 verumetiam
465 4253 629 4354 adipsum
645 4266 765 4326 textum
784 4252 1037 4336 restituendum,
1053 4250 1232 4354 plurimum
1243 4251 1358 4326 valeat.

278 4376 463 4478 Stephanus
485 4373 585 4448 Evod.
609 4373 776 4452 Assemani
802 4373 846 4447 ita
873 4372 1017 4448 codicem
1044 4385 1192 4446 nostrum
1219 4371 1413 4453 describite:
1431 4373 1564 4448 «Codex
1581 4373 1681 4475 antiq.
1700 4372 1735 4445 in
1748 4371 1806 4446 sol.

227 4477 486 4596 ehombyeinns'',¹
501 4508 651 4568 constans
671 4493 756 4568 loliis
776 4497 845 4569 123
861 4549 973 4569 .....
992 4493 1232 4569 sacrosanctum
1249 4493 1477 4593 Eeangehm,
1492 4521 1528 4568 ex
1544 4507 1685 4596 quatuor
1700 4493 1807 4568 Evan-

226 4619 343 4718 egeliis
362 4617 396 4690 in
416 4645 520 4691 unum
538 4617 723 4702 redactum
736 4614 832 4714 vulgo
850 4615 1057 4690 Diatesseron
1080 4629 1321 4715 nuncupatum,
1341 4629 1374 4688 et
1391 4616 1425 4688 in
1442 4615 1602 4694 sectiones
1617 4641 1675 4690 seu
1698 4615 1803 4717 capite

226 4739 489 4842 squinquaginta
515 4737 662 4839 quinque
685 4736 1020 4812 distributum...
1044 4736 1081 4808 ln
1106 4735 1336 4809 [melchiad
1360 4735 1430 4809 hec
1454 4764 1472 4809 a
1495 4735 1629 4810 libmrio
1650 4736 1803 4810 adnotata

225 4861 391 4963 ereperies
409 4891 417 4934 :
436 4859 571 4962 Explicit
585 4857 703 4931 cecilio
720 4857 779 4930 Dei
793 4874 1010 4930 sacrosanctum
1031 4855 1225 4956 Eocrrpelium
1246 4857 1326 4958 quod
1341 4885 1382 4930 ec
1401 4873 1530 4958 quatuor
1549 4857 1717 4961 Evangelii
1738 4855 1803 4929 col-

224 4981 319 5083 «laps
346 4981 501 5068 Tattenos,
527 4977 662 5082 quodque
687 4978 879 5056 Dicte-scores
907 4979 995 5078 netgo
1021 4977 1139 5051 dicitur.
1163 4977 1203 5050 tt
1226 4978 1294 5052 loos
1321 4977 1430 5052 Dece.
1447 5034 1482 5056 ..
1511 4979 1542 5051 ls
1567 4976 1682 5062 codex,
1709 4979 1802 5078 cujus

261 5161 269 5192 ¹
288 5158 332 5213 cn
343 5157 470 5215 boemani
483 5155 546 5211 Mt.
563 5155 607 5210 Or.
621 5154 646 5220 l,
660 5173 684 5230 p.
700 5155 735 5228 57
752 5161 777 5210 et
791 5153 828 5219 11,
843 5173 869 5229 p.
888 5155 996 5227 159.-
1014 5157 1025 5188 ¹
1046 5153 1091 5227 Op.
1108 5155 1147 5208 sit.
1164 5173 1188 5228 p.
1204 5156 1267 5227 ²93·
1277 5185 1315 5198 -
1330 5158 1341 5190 ⁸
1359 5151 1421 5210 ttit.
1438 5171 1463 5228 p.
1477 5153 1530 5209 doc
1545 5171 1601 5228 sqq.
1610 5181 1649 5196 -
1663 5153 1673 5188 l
1694 5151 1740 5226 op.
1758 5155 1800 5208 stt.

223 5270 248 5325 p.
261 5252 323 5322 apt.
336 5254 391 5294 -⁸
411 5251 470 5308 nni
485 5249 551 5306 rard.
571 5247 620 5305 l'st.
628 5249 711 5322 script.
723 5267 783 5304 neoc
795 5248 883 5304 collect.
899 5267 930 5311 rs,
948 5248 989 5302 rh.
999 5252 1052 5290 -t
1068 5247 1105 5303 En
1117 5247 1192 5303 rerba
1205 5247 1321 5304 arabica:
1336 5233 1444 5318 03-th
1461 5239 1569 5315 cle-,⁸⁴3¹
1585 5233 1624 5300 dn
1640 5253 1730 5318 Hpq
1743 5257 1800 5324 y
