<?xml version="1.0" encoding="UTF-8"?>
<!DOCTYPE html PUBLIC "-//W3C//DTD XHTML 1.0 Transitional//EN"
    "http://www.w3.org/TR/xhtml1/DTD/xhtml1-transitional.dtd">
<html xmlns="http://www.w3.org/1999/xhtml" xml:lang="en" lang="en">
 <head>
  <title>
</title>
<meta http-equiv="Content-Type" content="text/html;charset=utf-8" />
  <meta name='ocr-system' content='tesseract 3.04.00' />
  <meta name='ocr-capabilities' content='ocr_page ocr_carea ocr_par ocr_line ocrx_word'/>
</head>
<body>
  <div class='ocr_page' id='page_1' title='image "./analectasacrasp03pitrgoog_0396.png"; bbox 0 0 4006 6098; ppageno 0'>
   <div class='ocr_carea' id='block_1_1' title="bbox 495 557 1730 630">
    <p class='ocr_par' dir='ltr' id='par_1_1' title="bbox 495 557 1730 630">
     <span class='ocr_line' id='line_1_1' title="bbox 495 557 1730 630; baseline 0.005 -6"><span class='ocrx_word' id='word_1_1' title='bbox 495 557 698 626; x_wconf 75' lang='lat' dir='ltr'>SANCTUS</span> <span class='ocrx_word' id='word_1_2' title='bbox 728 559 990 627; x_wconf 86' lang='lat' dir='ltr'>GllEGOlllUS</span> <span class='ocrx_word' id='word_1_3' title='bbox 1021 560 1397 629; x_wconf 76' lang='lat' dir='ltr'>xflxunxxunous.</span> <span class='ocrx_word' id='word_1_4' title='bbox 1663 563 1730 630; x_wconf 75' lang='lat' dir='ltr'>3l9</span> 
     </span>
    </p>
   </div>
   <div class='ocr_carea' id='block_1_2' title="bbox 157 697 1733 1650">
    <p class='ocr_par' dir='ltr' id='par_1_2' title="bbox 157 697 1733 1650">
     <span class='ocr_line' id='line_1_2' title="bbox 157 697 1730 810; baseline 0.006 -32"><span class='ocrx_word' id='word_1_5' title='bbox 157 733 261 807; x_wconf 87' lang='lat' dir='ltr'>super</span> <span class='ocrx_word' id='word_1_6' title='bbox 278 733 389 777; x_wconf 83' lang='lat' dir='ltr'>omnes</span> <span class='ocrx_word' id='word_1_7' title='bbox 413 706 562 778; x_wconf 91' lang='lat' dir='ltr'>homines</span> <span class='ocrx_word' id='word_1_8' title='bbox 581 705 729 780; x_wconf 90' lang='lat' dir='ltr'>similiter</span> <span class='ocrx_word' id='word_1_9' title='bbox 748 707 897 791; x_wconf 76' lang='lat' dir='ltr'>retinuit,</span> <span class='ocrx_word' id='word_1_10' title='bbox 917 709 1025 782; x_wconf 91' lang='lat' dir='ltr'>omnia</span> <span class='ocrx_word' id='word_1_11' title='bbox 1048 708 1198 809; x_wconf 90' lang='lat' dir='ltr'>implens.</span> <span class='ocrx_word' id='word_1_12' title='bbox 1213 710 1348 810; x_wconf 91' lang='lat' dir='ltr'>Proprio</span> <span class='ocrx_word' id='word_1_13' title='bbox 1364 711 1452 783; x_wconf 90' lang='lat' dir='ltr'>carni</span> <span class='ocrx_word' id='word_1_14' title='bbox 1474 737 1540 783; x_wconf 78' lang='lat' dir='ltr'>sure</span> <span class='ocrx_word' id='word_1_15' title='bbox 1562 697 1730 788; x_wconf 86' lang='lat' dir='ltr'>comniixta</span> 
     </span>
     <span class='ocr_line' id='line_1_3' title="bbox 157 826 1733 932; baseline 0.004 -33"><span class='ocrx_word' id='word_1_16' title='bbox 157 826 276 910; x_wconf 92' lang='lat' dir='ltr'>modo,</span> <span class='ocrx_word' id='word_1_17' title='bbox 295 827 487 927; x_wconf 80' lang='lat' dir='ltr'><strong>doloresque</strong></span> <span class='ocrx_word' id='word_1_18' title='bbox 508 827 542 898; x_wconf 92' lang='lat' dir='ltr'>in</span> <span class='ocrx_word' id='word_1_19' title='bbox 562 855 657 900; x_wconf 89' lang='lat' dir='ltr'>carne</span> <span class='ocrx_word' id='word_1_20' title='bbox 677 855 844 928; x_wconf 89' lang='lat' dir='ltr'>perpessa,</span> <span class='ocrx_word' id='word_1_21' title='bbox 867 830 935 930; x_wconf 90' lang='lat' dir='ltr'>ipsa</span> <span class='ocrx_word' id='word_1_22' title='bbox 955 829 1086 932; x_wconf 82' lang='lat' dir='ltr'>(Verbi)</span> <span class='ocrx_word' id='word_1_23' title='bbox 1104 831 1203 904; x_wconf 81' lang='lat' dir='ltr'>virtus</span> <span class='ocrx_word' id='word_1_24' title='bbox 1226 832 1518 931; x_wconf 86' lang='lat' dir='ltr'>impassibilitatem</span> <span class='ocrx_word' id='word_1_25' title='bbox 1539 861 1631 906; x_wconf 87' lang='lat' dir='ltr'>suam</span> <span class='ocrx_word' id='word_1_26' title='bbox 1654 833 1733 906; x_wconf 88' lang='lat' dir='ltr'>reti-</span> 
     </span>
     <span class='ocr_line' id='line_1_4' title="bbox 158 948 1731 1052; baseline 0.004 -32"><span class='ocrx_word' id='word_1_27' title='bbox 158 948 245 1020; x_wconf 86' lang='lat' dir='ltr'><strong>nuit.</strong></span> <span class='ocrx_word' id='word_1_28' title='bbox 269 948 392 1047; x_wconf 88' lang='lat' dir='ltr'>Impius</span> <span class='ocrx_word' id='word_1_29' title='bbox 416 975 492 1045; x_wconf 81' lang='lat' dir='ltr'>ergo</span> <span class='ocrx_word' id='word_1_30' title='bbox 520 962 567 1020; x_wconf 85' lang='lat' dir='ltr'>est</span> <span class='ocrx_word' id='word_1_31' title='bbox 591 949 648 1049; x_wconf 91' lang='lat' dir='ltr'>qui</span> <span class='ocrx_word' id='word_1_32' title='bbox 674 949 857 1048; x_wconf 90' lang='lat' dir='ltr'>passionem</span> <span class='ocrx_word' id='word_1_33' title='bbox 879 951 913 1022; x_wconf 90' lang='lat' dir='ltr'>in</span> <span class='ocrx_word' id='word_1_34' title='bbox 932 948 1109 1052; x_wconf 81' lang='lat' dir='ltr'>(divinam)</span> <span class='ocrx_word' id='word_1_35' title='bbox 1126 952 1276 1024; x_wconf 86' lang='lat' dir='ltr'>virtutem</span> <span class='ocrx_word' id='word_1_36' title='bbox 1300 951 1435 1025; x_wconf 82' lang='lat' dir='ltr'>inducit.</span> <span class='ocrx_word' id='word_1_37' title='bbox 1463 953 1620 1026; x_wconf 84' lang='lat' dir='ltr'>Dominus</span> <span class='ocrx_word' id='word_1_38' title='bbox 1644 955 1731 1027; x_wconf 87' lang='lat' dir='ltr'>enim</span> 
     </span>
     <span class='ocr_line' id='line_1_5' title="bbox 157 1066 1731 1170; baseline 0.006 -32"><span class='ocrx_word' id='word_1_39' title='bbox 157 1066 272 1165; x_wconf 79' lang='lat' dir='ltr'>gloriae</span> <span class='ocrx_word' id='word_1_40' title='bbox 294 1067 328 1138; x_wconf 92' lang='lat' dir='ltr'>in</span> <span class='ocrx_word' id='word_1_41' title='bbox 349 1067 492 1140; x_wconf 91' lang='lat' dir='ltr'>humano</span> <span class='ocrx_word' id='word_1_42' title='bbox 509 1068 623 1141; x_wconf 88' lang='lat' dir='ltr'>habitu</span> <span class='ocrx_word' id='word_1_43' title='bbox 639 1069 724 1140; x_wconf 90' lang='lat' dir='ltr'>visus</span> <span class='ocrx_word' id='word_1_44' title='bbox 742 1083 804 1154; x_wconf 87' lang='lat' dir='ltr'>est,</span> <span class='ocrx_word' id='word_1_45' title='bbox 823 1071 960 1169; x_wconf 88' lang='lat' dir='ltr'>cumque</span> <span class='ocrx_word' id='word_1_46' title='bbox 983 1071 1017 1142; x_wconf 93' lang='lat' dir='ltr'>in</span> <span class='ocrx_word' id='word_1_47' title='bbox 1038 1085 1123 1143; x_wconf 87' lang='lat' dir='ltr'>terra</span> <span class='ocrx_word' id='word_1_48' title='bbox 1142 1072 1318 1144; x_wconf 90' lang='lat' dir='ltr'>humanam</span> <span class='ocrx_word' id='word_1_49' title='bbox 1336 1099 1434 1170; x_wconf 82' lang='lat' dir='ltr'>agens</span> <span class='ocrx_word' id='word_1_50' title='bbox 1457 1075 1731 1148; x_wconf 81' lang='lat' dir='ltr'>conversationem</span> 
     </span>
     <span class='ocr_line' id='line_1_6' title="bbox 157 1188 1731 1292; baseline 0.006 -32"><span class='ocrx_word' id='word_1_51' title='bbox 157 1189 315 1289; x_wconf 87' lang='lat' dir='ltr'>operibus</span> <span class='ocrx_word' id='word_1_52' title='bbox 325 1189 431 1285; x_wconf 81' lang='lat' dir='ltr'>legem</span> <span class='ocrx_word' id='word_1_53' title='bbox 443 1215 503 1288; x_wconf 92' lang='lat' dir='ltr'>pro</span> <span class='ocrx_word' id='word_1_54' title='bbox 516 1188 704 1262; x_wconf 86' lang='lat' dir='ltr'>bominibus</span> <span class='ocrx_word' id='word_1_55' title='bbox 714 1191 925 1290; x_wconf 86' lang='lat' dir='ltr'>implevisset,</span> <span class='ocrx_word' id='word_1_56' title='bbox 937 1191 1141 1292; x_wconf 82' lang='lat' dir='ltr'>passionibus</span> <span class='ocrx_word' id='word_1_57' title='bbox 1153 1193 1317 1292; x_wconf 82' lang='lat' dir='ltr'>passiones</span> <span class='ocrx_word' id='word_1_58' title='bbox 1327 1193 1470 1266; x_wconf 85' lang='lat' dir='ltr'>dissolvit</span> <span class='ocrx_word' id='word_1_59' title='bbox 1480 1210 1511 1266; x_wconf 90' lang='lat' dir='ltr'>et</span> <span class='ocrx_word' id='word_1_60' title='bbox 1525 1209 1627 1268; x_wconf 92' lang='lat' dir='ltr'>morte</span> <span class='ocrx_word' id='word_1_61' title='bbox 1640 1223 1731 1269; x_wconf 90' lang='lat' dir='ltr'>mor-</span> 
     </span>
     <span class='ocr_line' id='line_1_7' title="bbox 158 1307 1730 1410; baseline 0.006 -31"><span class='ocrx_word' id='word_1_62' title='bbox 158 1322 227 1381; x_wconf 90' lang='lat' dir='ltr'>tem</span> <span class='ocrx_word' id='word_1_63' title='bbox 246 1307 428 1380; x_wconf 83' lang='lat' dir='ltr'>exinanivit.</span> <span class='ocrx_word' id='word_1_64' title='bbox 449 1309 694 1382; x_wconf 84' lang='lat' dir='ltr'>Resurrectiona</span> <span class='ocrx_word' id='word_1_65' title='bbox 717 1325 825 1383; x_wconf 85' lang='lat' dir='ltr'>autem</span> <span class='ocrx_word' id='word_1_66' title='bbox 847 1337 906 1382; x_wconf 87' lang='lat' dir='ltr'>sua</span> <span class='ocrx_word' id='word_1_67' title='bbox 923 1311 1019 1382; x_wconf 83' lang='lat' dir='ltr'>vitam</span> <span class='ocrx_word' id='word_1_68' title='bbox 1040 1311 1194 1384; x_wconf 87' lang='lat' dir='ltr'>excitavit.</span> <span class='ocrx_word' id='word_1_69' title='bbox 1214 1313 1319 1410; x_wconf 86' lang='lat' dir='ltr'>Hujus</span> <span class='ocrx_word' id='word_1_70' title='bbox 1339 1312 1550 1409; x_wconf 83' lang='lat' dir='ltr'>gloriosume</span> <span class='ocrx_word' id='word_1_71' title='bbox 1572 1317 1650 1388; x_wconf 90' lang='lat' dir='ltr'>ooelo</span> <span class='ocrx_word' id='word_1_72' title='bbox 1669 1317 1730 1388; x_wconf 92' lang='lat' dir='ltr'>ad-</span> 
     </span>
     <span class='ocr_line' id='line_1_8' title="bbox 158 1429 1732 1531; baseline 0.005 -30"><span class='ocrx_word' id='word_1_73' title='bbox 158 1443 293 1502; x_wconf 87' lang='lat' dir='ltr'>ventum</span> <span class='ocrx_word' id='word_1_74' title='bbox 309 1443 526 1527; x_wconf 87' lang='lat' dir='ltr'>expectamus,</span> <span class='ocrx_word' id='word_1_75' title='bbox 543 1429 585 1501; x_wconf 95' lang='lat' dir='ltr'>ad</span> <span class='ocrx_word' id='word_1_76' title='bbox 603 1430 827 1502; x_wconf 86' lang='lat' dir='ltr'>universorum</span> <span class='ocrx_word' id='word_1_77' title='bbox 842 1431 940 1504; x_wconf 87' lang='lat' dir='ltr'>vitam</span> <span class='ocrx_word' id='word_1_78' title='bbox 958 1447 990 1502; x_wconf 89' lang='lat' dir='ltr'>et</span> <span class='ocrx_word' id='word_1_79' title='bbox 1009 1432 1277 1505; x_wconf 82' lang='lat' dir='ltr'>resurrectionem</span> <span class='ocrx_word' id='word_1_80' title='bbox 1300 1445 1332 1504; x_wconf 89' lang='lat' dir='ltr'>et</span> <span class='ocrx_word' id='word_1_81' title='bbox 1351 1432 1392 1504; x_wconf 91' lang='lat' dir='ltr'>ad</span> <span class='ocrx_word' id='word_1_82' title='bbox 1406 1433 1569 1531; x_wconf 88' lang='lat' dir='ltr'>judicium</span> <span class='ocrx_word' id='word_1_83' title='bbox 1584 1451 1732 1509; x_wconf 91' lang='lat' dir='ltr'>mortuo-</span> 
     </span>
     <span class='ocr_line' id='line_1_9' title="bbox 159 1549 1112 1650; baseline 0.002 -30"><span class='ocrx_word' id='word_1_84' title='bbox 159 1577 254 1634; x_wconf 90' lang='lat' dir='ltr'>rum,</span> <span class='ocrx_word' id='word_1_85' title='bbox 267 1549 302 1621; x_wconf 90' lang='lat' dir='ltr'>in</span> <span class='ocrx_word' id='word_1_86' title='bbox 320 1575 385 1650; x_wconf 91' lang='lat' dir='ltr'>qno</span> <span class='ocrx_word' id='word_1_87' title='bbox 405 1549 580 1649; x_wconf 89' lang='lat' dir='ltr'>unicuique</span> <span class='ocrx_word' id='word_1_88' title='bbox 596 1551 793 1649; x_wconf 88' lang='lat' dir='ltr'>rependetur</span> <span class='ocrx_word' id='word_1_89' title='bbox 809 1551 892 1623; x_wconf 88' lang='lat' dir='ltr'>sicut</span> <span class='ocrx_word' id='word_1_90' title='bbox 909 1551 1042 1624; x_wconf 87' lang='lat' dir='ltr'>meritus</span> <span class='ocrx_word' id='word_1_91' title='bbox 1056 1565 1112 1624; x_wconf 91' lang='lat' dir='ltr'>est.</span> 
     </span>
    </p>
   </div>
   <div class='ocr_carea' id='block_1_3' title="bbox 158 1731 1734 3045">
    <p class='ocr_par' dir='ltr' id='par_1_3' title="bbox 158 1731 1734 3045">
     <span class='ocr_line' id='line_1_10' title="bbox 215 1731 1733 1844; baseline 0.007 -41"><span class='ocrx_word' id='word_1_92' title='bbox 215 1732 283 1804; x_wconf 91' lang='lat' dir='ltr'>Vll.</span> <span class='ocrx_word' id='word_1_93' title='bbox 312 1731 532 1833; x_wconf 88' lang='lat' dir='ltr'>lmpietatem¹</span> <span class='ocrx_word' id='word_1_94' title='bbox 562 1761 658 1836; x_wconf 92' lang='lat' dir='ltr'>porro</span> <span class='ocrx_word' id='word_1_95' title='bbox 684 1735 910 1807; x_wconf 74' lang='lat' dir='ltr'>tremendam²</span> <span class='ocrx_word' id='word_1_96' title='bbox 927 1736 1107 1809; x_wconf 92' lang='lat' dir='ltr'>moliuntur</span> <span class='ocrx_word' id='word_1_97' title='bbox 1132 1752 1243 1810; x_wconf 90' lang='lat' dir='ltr'>contra</span> <span class='ocrx_word' id='word_1_98' title='bbox 1270 1738 1422 1811; x_wconf 88' lang='lat' dir='ltr'>Sanctam</span> <span class='ocrx_word' id='word_1_99' title='bbox 1445 1740 1651 1826; x_wconf 87' lang='lat' dir='ltr'>Trinitatem,</span> <span class='ocrx_word' id='word_1_100' title='bbox 1675 1742 1733 1844; x_wconf 90' lang='lat' dir='ltr'>qui</span> 
     </span>
     <span class='ocr_line' id='line_1_11' title="bbox 160 1853 1730 1958; baseline 0.007 -34"><span class='ocrx_word' id='word_1_101' title='bbox 160 1853 325 1925; x_wconf 86' lang='lat' dir='ltr'>affirmant</span> <span class='ocrx_word' id='word_1_102' title='bbox 348 1879 413 1926; x_wconf 89' lang='lat' dir='ltr'>non</span> <span class='ocrx_word' id='word_1_103' title='bbox 439 1879 508 1926; x_wconf 89' lang='lat' dir='ltr'>esse</span> <span class='ocrx_word' id='word_1_104' title='bbox 531 1868 593 1928; x_wconf 89' lang='lat' dir='ltr'>tres</span> <span class='ocrx_word' id='word_1_105' title='bbox 619 1882 789 1954; x_wconf 81' lang='lat' dir='ltr'>personas,</span> <span class='ocrx_word' id='word_1_106' title='bbox 814 1861 892 1928; x_wconf 83' lang='lat' dir='ltr'>aut³</span> <span class='ocrx_word' id='word_1_107' title='bbox 910 1856 967 1958; x_wconf 87' lang='lat' dir='ltr'>qui</span> <span class='ocrx_word' id='word_1_108' title='bbox 992 1883 1162 1956; x_wconf 89' lang='lat' dir='ltr'>personam</span> <span class='ocrx_word' id='word_1_109' title='bbox 1186 1858 1254 1930; x_wconf 88' lang='lat' dir='ltr'>sine</span> <span class='ocrx_word' id='word_1_110' title='bbox 1277 1859 1484 1931; x_wconf 90' lang='lat' dir='ltr'>subsistentia</span> <span class='ocrx_word' id='word_1_111' title='bbox 1509 1861 1730 1935; x_wconf 90' lang='lat' dir='ltr'>introducunt.</span> 
     </span>
     <span class='ocr_line' id='line_1_12' title="bbox 160 1973 1730 2077; baseline 0.005 -31"><span class='ocrx_word' id='word_1_112' title='bbox 160 1974 232 2046; x_wconf 91' lang='lat' dir='ltr'>Hoc</span> <span class='ocrx_word' id='word_1_113' title='bbox 248 1973 334 2047; x_wconf 90' lang='lat' dir='ltr'>enim</span> <span class='ocrx_word' id='word_1_114' title='bbox 351 1974 523 2074; x_wconf 83' lang='lat' dir='ltr'>effugimus</span> <span class='ocrx_word' id='word_1_115' title='bbox 534 1975 728 2060; x_wconf 88' lang='lat' dir='ltr'>Sabellium,</span> <span class='ocrx_word' id='word_1_116' title='bbox 741 1975 798 2077; x_wconf 91' lang='lat' dir='ltr'>qui</span> <span class='ocrx_word' id='word_1_117' title='bbox 817 1976 894 2054; x_wconf 90' lang='lat' dir='ltr'>dicit</span> <span class='ocrx_word' id='word_1_118' title='bbox 910 1978 1059 2050; x_wconf 90' lang='lat' dir='ltr'>eumdem</span> <span class='ocrx_word' id='word_1_119' title='bbox 1077 2006 1146 2050; x_wconf 88' lang='lat' dir='ltr'>esse</span> <span class='ocrx_word' id='word_1_120' title='bbox 1158 1979 1284 2051; x_wconf 88' lang='lat' dir='ltr'>Patrem</span> <span class='ocrx_word' id='word_1_121' title='bbox 1299 1995 1330 2052; x_wconf 91' lang='lat' dir='ltr'>et</span> <span class='ocrx_word' id='word_1_122' title='bbox 1345 1979 1496 2052; x_wconf 87' lang='lat' dir='ltr'>eumdem</span> <span class='ocrx_word' id='word_1_123' title='bbox 1512 2007 1579 2054; x_wconf 88' lang='lat' dir='ltr'>esso</span> <span class='ocrx_word' id='word_1_124' title='bbox 1591 1983 1730 2055; x_wconf 88' lang='lat' dir='ltr'>Filium:</span> 
     </span>
     <span class='ocr_line' id='line_1_13' title="bbox 161 2096 1731 2197; baseline 0.004 -29"><span class='ocrx_word' id='word_1_125' title='bbox 161 2096 291 2168; x_wconf 85' lang='lat' dir='ltr'>Patrem</span> <span class='ocrx_word' id='word_1_126' title='bbox 309 2096 441 2195; x_wconf 91' lang='lat' dir='ltr'>quidem</span> <span class='ocrx_word' id='word_1_127' title='bbox 460 2123 527 2168; x_wconf 90' lang='lat' dir='ltr'>esse</span> <span class='ocrx_word' id='word_1_128' title='bbox 546 2096 638 2169; x_wconf 92' lang='lat' dir='ltr'>illum</span> <span class='ocrx_word' id='word_1_129' title='bbox 659 2097 716 2197; x_wconf 91' lang='lat' dir='ltr'>qui</span> <span class='ocrx_word' id='word_1_130' title='bbox 737 2098 893 2197; x_wconf 91' lang='lat' dir='ltr'>loquitur,</span> <span class='ocrx_word' id='word_1_131' title='bbox 912 2099 1031 2171; x_wconf 91' lang='lat' dir='ltr'>Filium</span> <span class='ocrx_word' id='word_1_132' title='bbox 1051 2113 1158 2172; x_wconf 89' lang='lat' dir='ltr'>autem</span> <span class='ocrx_word' id='word_1_133' title='bbox 1174 2127 1242 2172; x_wconf 90' lang='lat' dir='ltr'>esse</span> <span class='ocrx_word' id='word_1_134' title='bbox 1260 2101 1400 2174; x_wconf 89' lang='lat' dir='ltr'>Verbum</span> <span class='ocrx_word' id='word_1_135' title='bbox 1418 2101 1453 2173; x_wconf 91' lang='lat' dir='ltr'>in</span> <span class='ocrx_word' id='word_1_136' title='bbox 1471 2101 1565 2174; x_wconf 90' lang='lat' dir='ltr'>Patre</span> <span class='ocrx_word' id='word_1_137' title='bbox 1580 2131 1731 2188; x_wconf 90' lang='lat' dir='ltr'>manens,</span> 
     </span>
     <span class='ocr_line' id='line_1_14' title="bbox 159 2218 1732 2320; baseline 0.006 -32"><span class='ocrx_word' id='word_1_138' title='bbox 159 2233 306 2316; x_wconf 91' lang='lat' dir='ltr'>tempore</span> <span class='ocrx_word' id='word_1_139' title='bbox 330 2218 499 2289; x_wconf 89' lang='lat' dir='ltr'>creationis</span> <span class='ocrx_word' id='word_1_140' title='bbox 522 2219 778 2304; x_wconf 79' lang='lat' dir='ltr'>manifestatum,</span> <span class='ocrx_word' id='word_1_141' title='bbox 798 2219 965 2319; x_wconf 85' lang='lat' dir='ltr'>completis</span> <span class='ocrx_word' id='word_1_142' title='bbox 983 2248 1056 2292; x_wconf 86' lang='lat' dir='ltr'>vero</span> <span class='ocrx_word' id='word_1_143' title='bbox 1076 2221 1226 2293; x_wconf 88' lang='lat' dir='ltr'>omnibus</span> <span class='ocrx_word' id='word_1_144' title='bbox 1252 2221 1403 2320; x_wconf 84' lang='lat' dir='ltr'>operibus</span> <span class='ocrx_word' id='word_1_145' title='bbox 1427 2223 1545 2294; x_wconf 88' lang='lat' dir='ltr'>iterum</span> <span class='ocrx_word' id='word_1_146' title='bbox 1569 2225 1603 2295; x_wconf 92' lang='lat' dir='ltr'>in</span> <span class='ocrx_word' id='word_1_147' title='bbox 1627 2225 1732 2297; x_wconf 87' lang='lat' dir='ltr'>Deum</span> 
     </span>
     <span class='ocr_line' id='line_1_15' title="bbox 159 2339 1732 2446; baseline 0.005 -36"><span class='ocrx_word' id='word_1_148' title='bbox 159 2365 310 2410; x_wconf 90' lang='lat' dir='ltr'>remeans</span> <span class='ocrx_word' id='word_1_149' title='bbox 320 2341 343 2409; x_wconf 67' lang='lat' dir='ltr'>l.</span> <span class='ocrx_word' id='word_1_150' title='bbox 363 2339 426 2410; x_wconf 93' lang='lat' dir='ltr'>Nos</span> <span class='ocrx_word' id='word_1_151' title='bbox 444 2339 531 2410; x_wconf 91' lang='lat' dir='ltr'>enim</span> <span class='ocrx_word' id='word_1_152' title='bbox 550 2353 614 2412; x_wconf 87' lang='lat' dir='ltr'>tres</span> <span class='ocrx_word' id='word_1_153' title='bbox 639 2365 809 2440; x_wconf 88' lang='lat' dir='ltr'>personas,</span> <span class='ocrx_word' id='word_1_154' title='bbox 829 2341 948 2440; x_wconf 89' lang='lat' dir='ltr'>quibus</span> <span class='ocrx_word' id='word_1_155' title='bbox 964 2341 1048 2412; x_wconf 90' lang='lat' dir='ltr'>inest</span> <span class='ocrx_word' id='word_1_156' title='bbox 1066 2369 1130 2412; x_wconf 91' lang='lat' dir='ltr'>una</span> <span class='ocrx_word' id='word_1_157' title='bbox 1153 2342 1318 2426; x_wconf 86' lang='lat' dir='ltr'>divinitas,</span> <span class='ocrx_word' id='word_1_158' title='bbox 1335 2343 1493 2415; x_wconf 89' lang='lat' dir='ltr'>credimus</span> <span class='ocrx_word' id='word_1_159' title='bbox 1513 2371 1597 2429; x_wconf 85' lang='lat' dir='ltr'>esse,</span> <span class='ocrx_word' id='word_1_160' title='bbox 1616 2373 1732 2446; x_wconf 88' lang='lat' dir='ltr'>nempe</span> 
     </span>
     <span class='ocr_line' id='line_1_16' title="bbox 158 2459 1731 2560; baseline 0.005 -29"><span class='ocrx_word' id='word_1_161' title='bbox 158 2460 258 2531; x_wconf 88' lang='lat' dir='ltr'>Pater</span> <span class='ocrx_word' id='word_1_162' title='bbox 275 2473 306 2530; x_wconf 89' lang='lat' dir='ltr'>ct</span> <span class='ocrx_word' id='word_1_163' title='bbox 323 2459 424 2531; x_wconf 93' lang='lat' dir='ltr'>Filius</span> <span class='ocrx_word' id='word_1_164' title='bbox 443 2473 475 2532; x_wconf 91' lang='lat' dir='ltr'>et</span> <span class='ocrx_word' id='word_1_165' title='bbox 489 2461 631 2560; x_wconf 89' lang='lat' dir='ltr'>Spiritus</span> <span class='ocrx_word' id='word_1_166' title='bbox 643 2462 791 2534; x_wconf 89' lang='lat' dir='ltr'>Sanctus.</span> <span class='ocrx_word' id='word_1_167' title='bbox 809 2462 918 2534; x_wconf 89' lang='lat' dir='ltr'>Deitas</span> <span class='ocrx_word' id='word_1_168' title='bbox 937 2461 1024 2535; x_wconf 90' lang='lat' dir='ltr'>enim</span> <span class='ocrx_word' id='word_1_169' title='bbox 1042 2490 1122 2548; x_wconf 89' lang='lat' dir='ltr'>una,</span> <span class='ocrx_word' id='word_1_170' title='bbox 1135 2463 1326 2536; x_wconf 86' lang='lat' dir='ltr'>naturaliter</span> <span class='ocrx_word' id='word_1_171' title='bbox 1341 2463 1374 2536; x_wconf 93' lang='lat' dir='ltr'>in</span> <span class='ocrx_word' id='word_1_172' title='bbox 1385 2464 1542 2537; x_wconf 82' lang='lat' dir='ltr'>Trinitate</span> <span class='ocrx_word' id='word_1_173' title='bbox 1558 2465 1731 2552; x_wconf 89' lang='lat' dir='ltr'>affirmata,</span> 
     </span>
     <span class='ocr_line' id='line_1_17' title="bbox 158 2581 1734 2684; baseline 0.005 -33"><span class='ocrx_word' id='word_1_174' title='bbox 158 2581 319 2652; x_wconf 91' lang='lat' dir='ltr'>unitatem</span> <span class='ocrx_word' id='word_1_175' title='bbox 343 2594 467 2652; x_wconf 83' lang='lat' dir='ltr'>naturae</span> <span class='ocrx_word' id='word_1_176' title='bbox 492 2582 670 2654; x_wconf 87' lang='lat' dir='ltr'>confirmat.</span> <span class='ocrx_word' id='word_1_177' title='bbox 693 2583 748 2655; x_wconf 83' lang='lat' dir='ltr'>llst</span> <span class='ocrx_word' id='word_1_178' title='bbox 773 2583 860 2656; x_wconf 87' lang='lat' dir='ltr'>enim</span> <span class='ocrx_word' id='word_1_179' title='bbox 879 2584 1048 2684; x_wconf 90' lang='lat' dir='ltr'>proprium</span> <span class='ocrx_word' id='word_1_180' title='bbox 1068 2583 1188 2667; x_wconf 87' lang='lat' dir='ltr'>Patris,</span> <span class='ocrx_word' id='word_1_181' title='bbox 1209 2583 1299 2682; x_wconf 87' lang='lat' dir='ltr'>juxta</span> <span class='ocrx_word' id='word_1_182' title='bbox 1324 2583 1433 2655; x_wconf 88' lang='lat' dir='ltr'>illud:</span> <span class='ocrx_word' id='word_1_183' title='bbox 1453 2585 1570 2658; x_wconf 60' lang='lat' dir='ltr'>«Unus</span> <span class='ocrx_word' id='word_1_184' title='bbox 1593 2586 1679 2659; x_wconf 89' lang='lat' dir='ltr'>Deus</span> <span class='ocrx_word' id='word_1_185' title='bbox 1702 2600 1734 2659; x_wconf 91' lang='lat' dir='ltr'>et</span> 
     </span>
     <span class='ocr_line' id='line_1_18' title="bbox 159 2701 1731 2806; baseline 0.006 -37"><span class='ocrx_word' id='word_1_186' title='bbox 159 2735 177 2769; x_wconf 68' lang='lat' dir='ltr'>a</span> <span class='ocrx_word' id='word_1_187' title='bbox 187 2701 340 2774; x_wconf 76' lang='lat' dir='ltr'>Pater⁵.a</span> <span class='ocrx_word' id='word_1_188' title='bbox 355 2702 527 2802; x_wconf 89' lang='lat' dir='ltr'>Proprium</span> <span class='ocrx_word' id='word_1_189' title='bbox 543 2702 617 2775; x_wconf 87' lang='lat' dir='ltr'>Filii</span> <span class='ocrx_word' id='word_1_190' title='bbox 633 2718 680 2778; x_wconf 90' lang='lat' dir='ltr'>est</span> <span class='ocrx_word' id='word_1_191' title='bbox 692 2703 778 2806; x_wconf 78' lang='lat' dir='ltr'>(esse</span> <span class='ocrx_word' id='word_1_192' title='bbox 787 2703 948 2805; x_wconf 87' lang='lat' dir='ltr'>Verbum)</span> <span class='ocrx_word' id='word_1_193' title='bbox 964 2704 1085 2790; x_wconf 89' lang='lat' dir='ltr'>Patris,</span> <span class='ocrx_word' id='word_1_194' title='bbox 1097 2706 1188 2803; x_wconf 88' lang='lat' dir='ltr'>juxta</span> <span class='ocrx_word' id='word_1_195' title='bbox 1206 2704 1309 2777; x_wconf 92' lang='lat' dir='ltr'>illud:</span> <span class='ocrx_word' id='word_1_196' title='bbox 1325 2705 1437 2778; x_wconf 69' lang='lat' dir='ltr'>«Deus</span> <span class='ocrx_word' id='word_1_197' title='bbox 1453 2706 1731 2780; x_wconf 62' lang='lat' dir='ltr'>eratverbums„</span> 
     </span>
     <span class='ocr_line' id='line_1_19' title="bbox 159 2821 1730 2926; baseline 0.003 -30"><span class='ocrx_word' id='word_1_198' title='bbox 159 2821 298 2922; x_wconf 91' lang='lat' dir='ltr'>Spiritui</span> <span class='ocrx_word' id='word_1_199' title='bbox 316 2836 424 2895; x_wconf 88' lang='lat' dir='ltr'>autem</span> <span class='ocrx_word' id='word_1_200' title='bbox 442 2824 611 2924; x_wconf 91' lang='lat' dir='ltr'>proprium</span> <span class='ocrx_word' id='word_1_201' title='bbox 634 2826 824 2898; x_wconf 89' lang='lat' dir='ltr'>naturaliter</span> <span class='ocrx_word' id='word_1_202' title='bbox 841 2853 909 2898; x_wconf 89' lang='lat' dir='ltr'>esse</span> <span class='ocrx_word' id='word_1_203' title='bbox 927 2826 1067 2926; x_wconf 88' lang='lat' dir='ltr'>Spiritus</span> <span class='ocrx_word' id='word_1_204' title='bbox 1083 2827 1158 2908; x_wconf 92' lang='lat' dir='ltr'>Dei,</span> <span class='ocrx_word' id='word_1_205' title='bbox 1178 2826 1356 2899; x_wconf 89' lang='lat' dir='ltr'>secundum</span> <span class='ocrx_word' id='word_1_206' title='bbox 1375 2827 1463 2926; x_wconf 85' lang='lat' dir='ltr'>quod</span> <span class='ocrx_word' id='word_1_207' title='bbox 1485 2827 1564 2900; x_wconf 80' lang='lat' dir='ltr'>dixit</span> <span class='ocrx_word' id='word_1_208' title='bbox 1585 2827 1730 2901; x_wconf 89' lang='lat' dir='ltr'>Paulus:</span> 
     </span>
     <span class='ocr_line' id='line_1_20' title="bbox 161 2945 1191 3045; baseline 0.001 -34"><span class='ocrx_word' id='word_1_209' title='bbox 161 2945 358 3044; x_wconf 70' lang='lat' dir='ltr'>«Templum</span> <span class='ocrx_word' id='word_1_210' title='bbox 375 2945 434 3016; x_wconf 89' lang='lat' dir='ltr'>Dei</span> <span class='ocrx_word' id='word_1_211' title='bbox 452 2945 543 3028; x_wconf 86' lang='lat' dir='ltr'>estis,</span> <span class='ocrx_word' id='word_1_212' title='bbox 560 2959 591 3017; x_wconf 87' lang='lat' dir='ltr'>et</span> <span class='ocrx_word' id='word_1_213' title='bbox 610 2945 750 3045; x_wconf 89' lang='lat' dir='ltr'>Spiritus</span> <span class='ocrx_word' id='word_1_214' title='bbox 768 2947 827 3018; x_wconf 86' lang='lat' dir='ltr'>Dei</span> <span class='ocrx_word' id='word_1_215' title='bbox 845 2946 970 3018; x_wconf 90' lang='lat' dir='ltr'>habitat</span> <span class='ocrx_word' id='word_1_216' title='bbox 988 2948 1021 3018; x_wconf 90' lang='lat' dir='ltr'>in</span> <span class='ocrx_word' id='word_1_217' title='bbox 1040 2947 1163 3018; x_wconf 81' lang='lat' dir='ltr'>vobis⁷.</span> <span class='ocrx_word' id='word_1_218' title='bbox 1175 2979 1191 3012; x_wconf 69' lang='lat' dir='ltr'>a</span> 
     </span>
    </p>
   </div>
   <div class='ocr_carea' id='block_1_4' title="bbox 162 3122 1734 4673">
    <p class='ocr_par' dir='ltr' id='par_1_4' title="bbox 162 3122 1734 4673">
     <span class='ocr_line' id='line_1_21' title="bbox 213 3122 1731 3225; baseline 0.004 -32"><span class='ocrx_word' id='word_1_219' title='bbox 213 3122 295 3193; x_wconf 88' lang='lat' dir='ltr'>Vlll.</span> <span class='ocrx_word' id='word_1_220' title='bbox 324 3123 465 3194; x_wconf 89' lang='lat' dir='ltr'>Persona</span> <span class='ocrx_word' id='word_1_221' title='bbox 483 3123 569 3194; x_wconf 90' lang='lat' dir='ltr'>enim</span> <span class='ocrx_word' id='word_1_222' title='bbox 595 3122 850 3221; x_wconf 86' lang='lat' dir='ltr'>uniuscujusque</span> <span class='ocrx_word' id='word_1_223' title='bbox 872 3123 1003 3194; x_wconf 91' lang='lat' dir='ltr'>illorum</span> <span class='ocrx_word' id='word_1_224' title='bbox 1022 3123 1164 3195; x_wconf 88' lang='lat' dir='ltr'>declarat</span> <span class='ocrx_word' id='word_1_225' title='bbox 1182 3124 1288 3222; x_wconf 91' lang='lat' dir='ltr'>ipsum</span> <span class='ocrx_word' id='word_1_226' title='bbox 1307 3151 1375 3194; x_wconf 86' lang='lat' dir='ltr'>esse</span> <span class='ocrx_word' id='word_1_227' title='bbox 1396 3137 1427 3196; x_wconf 86' lang='lat' dir='ltr'>et</span> <span class='ocrx_word' id='word_1_228' title='bbox 1450 3152 1508 3225; x_wconf 92' lang='lat' dir='ltr'>per</span> <span class='ocrx_word' id='word_1_229' title='bbox 1532 3153 1565 3196; x_wconf 87' lang='lat' dir='ltr'>sc</span> <span class='ocrx_word' id='word_1_230' title='bbox 1588 3127 1731 3199; x_wconf 87' lang='lat' dir='ltr'>existere.</span> 
     </span>
     <span class='ocr_line' id='line_1_22' title="bbox 162 3239 1734 3346; baseline 0.003 -32"><span class='ocrx_word' id='word_1_231' title='bbox 162 3244 271 3314; x_wconf 90' lang='lat' dir='ltr'>Deitas</span> <span class='ocrx_word' id='word_1_232' title='bbox 293 3242 397 3313; x_wconf 89' lang='lat' dir='ltr'>Patris</span> <span class='ocrx_word' id='word_1_233' title='bbox 421 3255 467 3313; x_wconf 87' lang='lat' dir='ltr'>est</span> <span class='ocrx_word' id='word_1_234' title='bbox 489 3241 673 3341; x_wconf 91' lang='lat' dir='ltr'>proprium;</span> <span class='ocrx_word' id='word_1_235' title='bbox 693 3239 778 3342; x_wconf 84' lang='lat'>(86)</span> <span class='ocrx_word' id='word_1_236' title='bbox 797 3257 860 3324; x_wconf 87' lang='lat' dir='ltr'>ast,</span> <span class='ocrx_word' id='word_1_237' title='bbox 881 3241 1011 3342; x_wconf 91' lang='lat' dir='ltr'>quando</span> <span class='ocrx_word' id='word_1_238' title='bbox 1033 3268 1098 3314; x_wconf 89' lang='lat' dir='ltr'>una</span> <span class='ocrx_word' id='word_1_239' title='bbox 1123 3243 1279 3314; x_wconf 86' lang='lat' dir='ltr'>Divinitas</span> <span class='ocrx_word' id='word_1_240' title='bbox 1303 3243 1400 3314; x_wconf 91' lang='lat' dir='ltr'>trium</span> <span class='ocrx_word' id='word_1_241' title='bbox 1418 3242 1546 3329; x_wconf 86' lang='lat' dir='ltr'>dicitur,</span> <span class='ocrx_word' id='word_1_242' title='bbox 1566 3270 1633 3316; x_wconf 88' lang='lat' dir='ltr'>rem</span> <span class='ocrx_word' id='word_1_243' title='bbox 1653 3273 1734 3346; x_wconf 92' lang='lat' dir='ltr'>pro-</span> 
     </span>
     <span class='ocr_line' id='line_1_23' title="bbox 162 3358 1733 3464; baseline 0.003 -32"><span class='ocrx_word' id='word_1_244' title='bbox 162 3361 267 3462; x_wconf 87' lang='lat' dir='ltr'>priam</span> <span class='ocrx_word' id='word_1_245' title='bbox 290 3360 394 3433; x_wconf 89' lang='lat' dir='ltr'>Patris</span> <span class='ocrx_word' id='word_1_246' title='bbox 417 3361 514 3433; x_wconf 89' lang='lat' dir='ltr'>etiam</span> <span class='ocrx_word' id='word_1_247' title='bbox 532 3387 601 3432; x_wconf 89' lang='lat' dir='ltr'>esse</span> <span class='ocrx_word' id='word_1_248' title='bbox 625 3358 698 3432; x_wconf 84' lang='lat' dir='ltr'>Filii</span> <span class='ocrx_word' id='word_1_249' title='bbox 722 3374 754 3432; x_wconf 91' lang='lat' dir='ltr'>et</span> <span class='ocrx_word' id='word_1_250' title='bbox 775 3361 916 3460; x_wconf 88' lang='lat' dir='ltr'>Spiritus</span> <span class='ocrx_word' id='word_1_251' title='bbox 939 3360 1101 3432; x_wconf 89' lang='lat' dir='ltr'>asseritur.</span> <span class='ocrx_word' id='word_1_252' title='bbox 1122 3361 1231 3445; x_wconf 89' lang='lat' dir='ltr'>Unde,</span> <span class='ocrx_word' id='word_1_253' title='bbox 1250 3362 1277 3433; x_wconf 93' lang='lat' dir='ltr'>si</span> <span class='ocrx_word' id='word_1_254' title='bbox 1302 3363 1374 3461; x_wconf 90' lang='lat' dir='ltr'>quis</span> <span class='ocrx_word' id='word_1_255' title='bbox 1398 3363 1433 3433; x_wconf 92' lang='lat' dir='ltr'>in</span> <span class='ocrx_word' id='word_1_256' title='bbox 1458 3363 1561 3435; x_wconf 88' lang='lat' dir='ltr'>tribus</span> <span class='ocrx_word' id='word_1_257' title='bbox 1587 3367 1733 3464; x_wconf 89' lang='lat' dir='ltr'>personis</span> 
     </span>
     <span class='ocr_line' id='line_1_24' title="bbox 163 3479 1733 3584; baseline 0.003 -30"><span class='ocrx_word' id='word_1_258' title='bbox 163 3509 262 3554; x_wconf 93' lang='lat' dir='ltr'>unam</span> <span class='ocrx_word' id='word_1_259' title='bbox 275 3481 432 3554; x_wconf 89' lang='lat' dir='ltr'>Deitatem</span> <span class='ocrx_word' id='word_1_260' title='bbox 449 3481 549 3564; x_wconf 88' lang='lat' dir='ltr'>dicat,</span> <span class='ocrx_word' id='word_1_261' title='bbox 561 3479 700 3552; x_wconf 85' lang='lat' dir='ltr'>Trinitas</span> <span class='ocrx_word' id='word_1_262' title='bbox 716 3480 936 3564; x_wconf 85' lang='lat' dir='ltr'>confirmatur,</span> <span class='ocrx_word' id='word_1_263' title='bbox 948 3481 1017 3581; x_wconf 90' lang='lat' dir='ltr'>ipsa</span> <span class='ocrx_word' id='word_1_264' title='bbox 1031 3481 1138 3552; x_wconf 89' lang='lat' dir='ltr'>unitas</span> <span class='ocrx_word' id='word_1_265' title='bbox 1152 3509 1218 3553; x_wconf 91' lang='lat' dir='ltr'>non</span> <span class='ocrx_word' id='word_1_266' title='bbox 1234 3481 1402 3568; x_wconf 91' lang='lat' dir='ltr'>scinditur,</span> <span class='ocrx_word' id='word_1_267' title='bbox 1414 3496 1447 3555; x_wconf 86' lang='lat' dir='ltr'>et</span> <span class='ocrx_word' id='word_1_268' title='bbox 1459 3483 1566 3556; x_wconf 87' lang='lat' dir='ltr'>unitas</span> <span class='ocrx_word' id='word_1_269' title='bbox 1580 3485 1733 3584; x_wconf 79' lang='lat' dir='ltr'>physica⁸</span> 
     </span>
     <span class='ocr_line' id='line_1_25' title="bbox 163 3600 1732 3708; baseline 0.003 -34"><span class='ocrx_word' id='word_1_270' title='bbox 163 3603 282 3686; x_wconf 92' lang='lat' dir='ltr'>Patris,</span> <span class='ocrx_word' id='word_1_271' title='bbox 301 3601 372 3673; x_wconf 83' lang='lat' dir='ltr'>Filii</span> <span class='ocrx_word' id='word_1_272' title='bbox 389 3615 421 3674; x_wconf 90' lang='lat' dir='ltr'>et</span> <span class='ocrx_word' id='word_1_273' title='bbox 435 3600 575 3700; x_wconf 91' lang='lat' dir='ltr'>Spiritus</span> <span class='ocrx_word' id='word_1_274' title='bbox 592 3600 795 3700; x_wconf 85' lang='lat' dir='ltr'>praedicatur.</span> <span class='ocrx_word' id='word_1_275' title='bbox 815 3603 850 3674; x_wconf 90' lang='lat' dir='ltr'>Si</span> <span class='ocrx_word' id='word_1_276' title='bbox 867 3603 940 3702; x_wconf 90' lang='lat' dir='ltr'>quis</span> <span class='ocrx_word' id='word_1_277' title='bbox 963 3617 1071 3676; x_wconf 86' lang='lat' dir='ltr'>autem</span> <span class='ocrx_word' id='word_1_278' title='bbox 1090 3603 1176 3675; x_wconf 87' lang='lat' dir='ltr'>dicat</span> <span class='ocrx_word' id='word_1_279' title='bbox 1201 3631 1299 3675; x_wconf 90' lang='lat' dir='ltr'>unam</span> <span class='ocrx_word' id='word_1_280' title='bbox 1316 3630 1504 3703; x_wconf 88' lang='lat' dir='ltr'>personam,</span> <span class='ocrx_word' id='word_1_281' title='bbox 1521 3605 1604 3677; x_wconf 91' lang='lat' dir='ltr'>sicut</span> <span class='ocrx_word' id='word_1_282' title='bbox 1620 3604 1732 3708; x_wconf 85' lang='lat' dir='ltr'>(dicit)</span> 
     </span>
     <span class='ocr_line' id='line_1_26' title="bbox 163 3720 1733 3826; baseline 0.003 -32"><span class='ocrx_word' id='word_1_283' title='bbox 163 3749 263 3794; x_wconf 90' lang='lat' dir='ltr'>unam</span> <span class='ocrx_word' id='word_1_284' title='bbox 279 3721 447 3804; x_wconf 89' lang='lat' dir='ltr'>deitatem,</span> <span class='ocrx_word' id='word_1_285' title='bbox 465 3748 530 3793; x_wconf 88' lang='lat' dir='ltr'>non</span> <span class='ocrx_word' id='word_1_286' title='bbox 549 3735 624 3794; x_wconf 91' lang='lat' dir='ltr'>sunt</span> <span class='ocrx_word' id='word_1_287' title='bbox 640 3720 740 3823; x_wconf 90' lang='lat' dir='ltr'>[sicut</span> <span class='ocrx_word' id='word_1_288' title='bbox 757 3722 900 3824; x_wconf 77' lang='lat' dir='ltr'>nnum⁹]</span> <span class='ocrx_word' id='word_1_289' title='bbox 918 3723 983 3795; x_wconf 95' lang='lat' dir='ltr'>duo</span> <span class='ocrx_word' id='word_1_290' title='bbox 1001 3725 1035 3795; x_wconf 91' lang='lat' dir='ltr'>in</span> <span class='ocrx_word' id='word_1_291' title='bbox 1053 3723 1110 3795; x_wconf 92' lang='lat' dir='ltr'>illo</span> <span class='ocrx_word' id='word_1_292' title='bbox 1131 3751 1208 3796; x_wconf 90' lang='lat' dir='ltr'>uno.</span> <span class='ocrx_word' id='word_1_293' title='bbox 1226 3724 1347 3796; x_wconf 90' lang='lat' dir='ltr'>Paulus</span> <span class='ocrx_word' id='word_1_294' title='bbox 1370 3725 1456 3796; x_wconf 85' lang='lat' dir='ltr'>enim</span> <span class='ocrx_word' id='word_1_295' title='bbox 1475 3752 1578 3796; x_wconf 93' lang='lat' dir='ltr'>unum</span> <span class='ocrx_word' id='word_1_296' title='bbox 1601 3726 1733 3826; x_wconf 88' lang='lat' dir='ltr'>quidem</span> 
     </span>
     <span class='ocr_line' id='line_1_27' title="bbox 164 3843 1733 3928; baseline 0.003 -13"><span class='ocrx_word' id='word_1_297' title='bbox 164 3844 292 3916; x_wconf 87' lang='lat' dir='ltr'>Patrem</span> <span class='ocrx_word' id='word_1_298' title='bbox 310 3843 350 3914; x_wconf 91' lang='lat' dir='ltr'>de</span> <span class='ocrx_word' id='word_1_299' title='bbox 366 3843 537 3915; x_wconf 87' lang='lat' dir='ltr'>Divinitate</span> <span class='ocrx_word' id='word_1_300' title='bbox 554 3844 686 3928; x_wconf 89' lang='lat' dir='ltr'>clamat;</span> <span class='ocrx_word' id='word_1_301' title='bbox 705 3872 807 3917; x_wconf 91' lang='lat' dir='ltr'>unum</span> <span class='ocrx_word' id='word_1_302' title='bbox 833 3857 942 3917; x_wconf 86' lang='lat' dir='ltr'>autem</span> <span class='ocrx_word' id='word_1_303' title='bbox 960 3845 1079 3916; x_wconf 92' lang='lat' dir='ltr'>Filium</span> <span class='ocrx_word' id='word_1_304' title='bbox 1097 3846 1138 3918; x_wconf 90' lang='lat' dir='ltr'>de</span> <span class='ocrx_word' id='word_1_305' title='bbox 1156 3845 1384 3918; x_wconf 91' lang='lat' dir='ltr'>Dominatione</span> <span class='ocrx_word' id='word_1_306' title='bbox 1400 3846 1497 3918; x_wconf 89' lang='lat' dir='ltr'>dicit:</span> <span class='ocrx_word' id='word_1_307' title='bbox 1515 3847 1631 3920; x_wconf 64' lang='lat' dir='ltr'>«Unus</span> <span class='ocrx_word' id='word_1_308' title='bbox 1646 3848 1733 3920; x_wconf 89' lang='lat' dir='ltr'>Deus</span> 
     </span>
     <span class='ocr_line' id='line_1_28' title="bbox 164 3965 1734 4068; baseline 0.004 -35"><span class='ocrx_word' id='word_1_309' title='bbox 164 3965 295 4048; x_wconf 59' lang='lat' dir='ltr'>«Pater,</span> <span class='ocrx_word' id='word_1_310' title='bbox 313 3991 349 4036; x_wconf 86' lang='lat' dir='ltr'>ex</span> <span class='ocrx_word' id='word_1_311' title='bbox 373 3991 437 4064; x_wconf 90' lang='lat' dir='ltr'>quo</span> <span class='ocrx_word' id='word_1_312' title='bbox 462 3965 587 4050; x_wconf 89' lang='lat' dir='ltr'>omnia,</span> <span class='ocrx_word' id='word_1_313' title='bbox 607 3980 638 4036; x_wconf 93' lang='lat' dir='ltr'>et</span> <span class='ocrx_word' id='word_1_314' title='bbox 664 3992 722 4066; x_wconf 93' lang='lat' dir='ltr'>per</span> <span class='ocrx_word' id='word_1_315' title='bbox 748 3993 845 4066; x_wconf 87' lang='lat' dir='ltr'>quem</span> <span class='ocrx_word' id='word_1_316' title='bbox 868 3965 978 4038; x_wconf 91' lang='lat' dir='ltr'>omnia</span> <span class='ocrx_word' id='word_1_317' title='bbox 998 3980 1030 4038; x_wconf 87' lang='lat' dir='ltr'>et</span> <span class='ocrx_word' id='word_1_318' title='bbox 1056 3993 1115 4038; x_wconf 93' lang='lat' dir='ltr'>nos</span> <span class='ocrx_word' id='word_1_319' title='bbox 1139 3993 1198 4066; x_wconf 88' lang='lat' dir='ltr'>per</span> <span class='ocrx_word' id='word_1_320' title='bbox 1222 3971 1371 4038; x_wconf 80' lang='lat' dir='ltr'>eum¹⁰.r</span> <span class='ocrx_word' id='word_1_321' title='bbox 1398 3968 1536 4053; x_wconf 89' lang='lat' dir='ltr'>ldcirco,</span> <span class='ocrx_word' id='word_1_322' title='bbox 1555 3969 1581 4039; x_wconf 91' lang='lat' dir='ltr'>si</span> <span class='ocrx_word' id='word_1_323' title='bbox 1600 3995 1658 4068; x_wconf 90' lang='lat' dir='ltr'>per</span> <span class='ocrx_word' id='word_1_324' title='bbox 1672 3968 1734 4041; x_wconf 90' lang='lat' dir='ltr'>hoc</span> 
     </span>
     <span class='ocr_line' id='line_1_29' title="bbox 166 4085 1733 4187; baseline 0.006 -35"><span class='ocrx_word' id='word_1_325' title='bbox 166 4111 275 4157; x_wconf 74' lang='lat' dir='ltr'>sunus</span> <span class='ocrx_word' id='word_1_326' title='bbox 293 4086 395 4168; x_wconf 93' lang='lat' dir='ltr'>Deus,</span> <span class='ocrx_word' id='word_1_327' title='bbox 414 4086 571 4158; x_wconf 88' lang='lat' dir='ltr'>Dominus</span> <span class='ocrx_word' id='word_1_328' title='bbox 590 4085 686 4157; x_wconf 92' lang='lat' dir='ltr'>etiam</span> <span class='ocrx_word' id='word_1_329' title='bbox 707 4112 834 4170; x_wconf 81' lang='lat' dir='ltr'>unus,n</span> <span class='ocrx_word' id='word_1_330' title='bbox 851 4113 916 4158; x_wconf 91' lang='lat' dir='ltr'>una</span> <span class='ocrx_word' id='word_1_331' title='bbox 934 4087 1011 4159; x_wconf 89' lang='lat' dir='ltr'>item</span> <span class='ocrx_word' id='word_1_332' title='bbox 1032 4087 1194 4160; x_wconf 90' lang='lat' dir='ltr'>declarata</span> <span class='ocrx_word' id='word_1_333' title='bbox 1218 4115 1372 4187; x_wconf 91' lang='lat' dir='ltr'>persona,</span> <span class='ocrx_word' id='word_1_334' title='bbox 1391 4089 1473 4161; x_wconf 91' lang='lat' dir='ltr'>sicut</span> <span class='ocrx_word' id='word_1_335' title='bbox 1490 4089 1598 4160; x_wconf 88' lang='lat' dir='ltr'>Deitas</span> <span class='ocrx_word' id='word_1_336' title='bbox 1619 4103 1650 4162; x_wconf 86' lang='lat' dir='ltr'>et</span> <span class='ocrx_word' id='word_1_337' title='bbox 1670 4090 1733 4161; x_wconf 91' lang='lat' dir='ltr'>Do-</span> 
     </span>
     <span class='ocr_line' id='line_1_30' title="bbox 163 4207 1732 4310; baseline 0.004 -34"><span class='ocrx_word' id='word_1_338' title='bbox 163 4207 315 4291; x_wconf 89' lang='lat' dir='ltr'>minatio,</span> <span class='ocrx_word' id='word_1_339' title='bbox 332 4207 495 4308; x_wconf 91' lang='lat' dir='ltr'>quomodo</span> <span class='ocrx_word' id='word_1_340' title='bbox 515 4207 656 4279; x_wconf 87' lang='lat' dir='ltr'>creditur</span> <span class='ocrx_word' id='word_1_341' title='bbox 677 4207 739 4279; x_wconf 89' lang='lat' dir='ltr'>hoc</span> <span class='ocrx_word' id='word_1_342' title='bbox 758 4233 819 4280; x_wconf 74' lang='lat' dir='ltr'>sex</span> <span class='ocrx_word' id='word_1_343' title='bbox 837 4235 902 4307; x_wconf 92' lang='lat' dir='ltr'>quo</span> <span class='ocrx_word' id='word_1_344' title='bbox 926 4221 958 4280; x_wconf 90' lang='lat' dir='ltr'>et</span> <span class='ocrx_word' id='word_1_345' title='bbox 980 4235 1039 4307; x_wconf 90' lang='lat' dir='ltr'>per</span> <span class='ocrx_word' id='word_1_346' title='bbox 1057 4236 1198 4308; x_wconf 75' lang='lat' dir='ltr'>quemn,</span> <span class='ocrx_word' id='word_1_347' title='bbox 1218 4208 1307 4310; x_wconf 91' lang='lat' dir='ltr'>quod</span> <span class='ocrx_word' id='word_1_348' title='bbox 1333 4209 1422 4308; x_wconf 89' lang='lat' dir='ltr'>prius</span> <span class='ocrx_word' id='word_1_349' title='bbox 1437 4209 1558 4282; x_wconf 85' lang='lat' dir='ltr'>dictum</span> <span class='ocrx_word' id='word_1_350' title='bbox 1577 4211 1645 4282; x_wconf 81' lang='lat' dir='ltr'>est?</span> <span class='ocrx_word' id='word_1_351' title='bbox 1661 4211 1732 4282; x_wconf 92' lang='lat' dir='ltr'>Non</span> 
     </span>
     <span class='ocr_line' id='line_1_31' title="bbox 163 4327 1732 4428; baseline 0.003 -28"><span class='ocrx_word' id='word_1_352' title='bbox 163 4355 350 4428; x_wconf 87' lang='lat' dir='ltr'>separemus</span> <span class='ocrx_word' id='word_1_353' title='bbox 368 4329 628 4400; x_wconf 88' lang='lat' dir='ltr'>Dominationem</span> <span class='ocrx_word' id='word_1_354' title='bbox 644 4355 662 4398; x_wconf 88' lang='lat' dir='ltr'>a</span> <span class='ocrx_word' id='word_1_355' title='bbox 678 4327 868 4413; x_wconf 79' lang='lat' dir='ltr'>Divinitate,</span> <span class='ocrx_word' id='word_1_356' title='bbox 885 4329 934 4401; x_wconf 85' lang='lat' dir='ltr'>vel</span> <span class='ocrx_word' id='word_1_357' title='bbox 953 4356 1055 4401; x_wconf 89' lang='lat' dir='ltr'>unum</span> <span class='ocrx_word' id='word_1_358' title='bbox 1074 4331 1115 4402; x_wconf 92' lang='lat' dir='ltr'>ab</span> <span class='ocrx_word' id='word_1_359' title='bbox 1131 4330 1232 4402; x_wconf 92' lang='lat' dir='ltr'>altero</span> <span class='ocrx_word' id='word_1_360' title='bbox 1249 4330 1443 4414; x_wconf 89' lang='lat' dir='ltr'>alienamus,</span> <span class='ocrx_word' id='word_1_361' title='bbox 1460 4332 1518 4404; x_wconf 89' lang='lat' dir='ltr'>sed</span> <span class='ocrx_word' id='word_1_362' title='bbox 1532 4345 1569 4403; x_wconf 92' lang='lat' dir='ltr'>ut</span> <span class='ocrx_word' id='word_1_363' title='bbox 1584 4345 1631 4404; x_wconf 90' lang='lat' dir='ltr'>est</span> <span class='ocrx_word' id='word_1_364' title='bbox 1645 4332 1679 4403; x_wconf 92' lang='lat' dir='ltr'>in</span> <span class='ocrx_word' id='word_1_365' title='bbox 1698 4358 1732 4404; x_wconf 89' lang='lat' dir='ltr'>re</span> 
     </span>
     <span class='ocr_line' id='line_1_32' title="bbox 163 4448 1732 4548; baseline 0.004 -29"><span class='ocrx_word' id='word_1_366' title='bbox 163 4461 195 4520; x_wconf 90' lang='lat' dir='ltr'>et</span> <span class='ocrx_word' id='word_1_367' title='bbox 212 4450 343 4520; x_wconf 88' lang='lat' dir='ltr'>veritato</span> <span class='ocrx_word' id='word_1_368' title='bbox 368 4461 523 4521; x_wconf 86' lang='lat' dir='ltr'>tenemus.</span> <span class='ocrx_word' id='word_1_369' title='bbox 542 4449 582 4520; x_wconf 82' lang='lat' dir='ltr'>Et</span> <span class='ocrx_word' id='word_1_370' title='bbox 603 4449 707 4520; x_wconf 89' lang='lat' dir='ltr'>Deum</span> <span class='ocrx_word' id='word_1_371' title='bbox 730 4449 863 4548; x_wconf 92' lang='lat' dir='ltr'>quidem</span> <span class='ocrx_word' id='word_1_372' title='bbox 881 4448 1000 4522; x_wconf 91' lang='lat' dir='ltr'>Filium</span> <span class='ocrx_word' id='word_1_373' title='bbox 1019 4451 1061 4521; x_wconf 92' lang='lat' dir='ltr'>ob</span> <span class='ocrx_word' id='word_1_374' title='bbox 1081 4452 1323 4548; x_wconf 85' lang='lat' dir='ltr'>generationem</span> <span class='ocrx_word' id='word_1_375' title='bbox 1335 4455 1359 4497; x_wconf 88' lang='lat'>¹¹</span> <span class='ocrx_word' id='word_1_376' title='bbox 1378 4478 1527 4525; x_wconf 86' lang='lat' dir='ltr'>vocamus</span> <span class='ocrx_word' id='word_1_377' title='bbox 1545 4479 1618 4524; x_wconf 88' lang='lat' dir='ltr'>cum</span> <span class='ocrx_word' id='word_1_378' title='bbox 1637 4453 1732 4525; x_wconf 81' lang='lat' dir='ltr'>Patre</span> 
     </span>
     <span class='ocr_line' id='line_1_33' title="bbox 162 4570 1732 4673; baseline 0.003 -33"><span class='ocrx_word' id='word_1_379' title='bbox 162 4583 318 4670; x_wconf 88' lang='lat' dir='ltr'>tanquam</span> <span class='ocrx_word' id='word_1_380' title='bbox 344 4570 518 4666; x_wconf 79' lang='lat' dir='ltr'>imaginem</span> <span class='ocrx_word' id='word_1_381' title='bbox 539 4582 571 4640; x_wconf 92' lang='lat' dir='ltr'>et</span> <span class='ocrx_word' id='word_1_382' title='bbox 591 4570 796 4669; x_wconf 69' lang='lat' dir='ltr'>progeniem</span> <span class='ocrx_word' id='word_1_383' title='bbox 814 4570 989 4642; x_wconf 90' lang='lat' dir='ltr'>Dominum</span> <span class='ocrx_word' id='word_1_384' title='bbox 1009 4598 1084 4644; x_wconf 89' lang='lat' dir='ltr'>vero</span> <span class='ocrx_word' id='word_1_385' title='bbox 1103 4571 1230 4643; x_wconf 86' lang='lat' dir='ltr'>Patrem</span> <span class='ocrx_word' id='word_1_386' title='bbox 1252 4573 1383 4645; x_wconf 89' lang='lat' dir='ltr'>nomine</span> <span class='ocrx_word' id='word_1_387' title='bbox 1405 4572 1504 4645; x_wconf 87' lang='lat' dir='ltr'>unius</span> <span class='ocrx_word' id='word_1_388' title='bbox 1523 4574 1652 4645; x_wconf 91' lang='lat' dir='ltr'>Domini</span> <span class='ocrx_word' id='word_1_389' title='bbox 1676 4602 1732 4673; x_wconf 91' lang='lat' dir='ltr'>ap-</span> 
     </span>
    </p>
   </div>
   <div class='ocr_carea' id='block_1_5' title="bbox 162 4761 1733 5396">
    <p class='ocr_par' dir='ltr' id='par_1_5' title="bbox 162 4761 1733 5396">
     <span class='ocr_line' id='line_1_34' title="bbox 202 4761 1733 4840; baseline 0.003 -22"><span class='ocrx_word' id='word_1_390' title='bbox 202 4767 209 4796; x_wconf 88' lang='lat'><strong>¹</strong></span> <span class='ocrx_word' id='word_1_391' title='bbox 228 4765 272 4819; x_wconf 89' lang='lat' dir='ltr'>Gr.</span> <span class='ocrx_word' id='word_1_392' title='bbox 292 4767 426 4832; x_wconf 75' lang='grc' dir='ltr'>μελὶτημα.</span> <span class='ocrx_word' id='word_1_393' title='bbox 447 4765 544 4837; x_wconf 67' lang='lat' dir='ltr'>Syriaca</span> <span class='ocrx_word' id='word_1_394' title='bbox 563 4761 658 4826; x_wconf 64' lang='lat' dir='ltr'>basi.</span> <span class='ocrx_word' id='word_1_395' title='bbox 675 4769 738 4805; x_wconf 84' lang='lat'>-¹</span> <span class='ocrx_word' id='word_1_396' title='bbox 758 4766 801 4820; x_wconf 88' lang='lat' dir='ltr'>Gr.</span> <span class='ocrx_word' id='word_1_397' title='bbox 817 4763 909 4822; x_wconf 73' lang='grc' dir='ltr'>δεινόν.</span> <span class='ocrx_word' id='word_1_398' title='bbox 986 4797 1023 4807; x_wconf 88' lang='lat'><em>-</em></span> <span class='ocrx_word' id='word_1_399' title='bbox 1042 4769 1052 4799; x_wconf 81' lang='lat'><em>⁰</em></span> <span class='ocrx_word' id='word_1_400' title='bbox 1071 4765 1153 4822; x_wconf 82' lang='lat' dir='ltr'>Codex</span> <span class='ocrx_word' id='word_1_401' title='bbox 1176 4768 1265 4840; x_wconf 78' lang='lat' dir='ltr'>tlt597</span> <span class='ocrx_word' id='word_1_402' title='bbox 1286 4768 1377 4822; x_wconf 90' lang='lat' dir='ltr'>omittit</span> <span class='ocrx_word' id='word_1_403' title='bbox 1394 4771 1456 4823; x_wconf 71' lang='lat' dir='ltr'>ribot</span> <span class='ocrx_word' id='word_1_404' title='bbox 1475 4787 1558 4823; x_wconf 81' lang='lat' dir='ltr'>unam.</span> <span class='ocrx_word' id='word_1_405' title='bbox 1579 4769 1669 4823; x_wconf 85' lang='lat' dir='ltr'>Verum</span> <span class='ocrx_word' id='word_1_406' title='bbox 1690 4787 1733 4823; x_wconf 79' lang='lat' dir='ltr'>to-</span> 
     </span>
     <span class='ocr_line' id='line_1_35' title="bbox 162 4855 1732 4934; baseline 0.002 -23"><span class='ocrx_word' id='word_1_407' title='bbox 162 4857 260 4929; x_wconf 74' lang='lat' dir='ltr'>Syriaca</span> <span class='ocrx_word' id='word_1_408' title='bbox 277 4855 351 4920; x_wconf 55' lang='lat' dir='ltr'>lus.</span> <span class='ocrx_word' id='word_1_409' title='bbox 369 4891 406 4897; x_wconf 98' lang='lat'><strong>—</strong></span> <span class='ocrx_word' id='word_1_410' title='bbox 422 4861 433 4891; x_wconf 82' lang='lat'><strong>³</strong></span> <span class='ocrx_word' id='word_1_411' title='bbox 452 4857 488 4912; x_wconf 84' lang='lat' dir='ltr'>xd</span> <span class='ocrx_word' id='word_1_412' title='bbox 509 4855 616 4912; x_wconf 84' lang='lat' dir='ltr'>litteram</span> <span class='ocrx_word' id='word_1_413' title='bbox 639 4857 769 4911; x_wconf 71' lang='lat' dir='ltr'>modum</span> <span class='ocrx_word' id='word_1_414' title='bbox 787 4859 858 4932; x_wconf 80' lang='lat' dir='ltr'>qaod.</span> <span class='ocrx_word' id='word_1_415' title='bbox 873 4891 912 4900; x_wconf 95' lang='lat'>—</span> <span class='ocrx_word' id='word_1_416' title='bbox 985 4877 1025 4914; x_wconf 85' lang='lat' dir='ltr'>ces</span> <span class='ocrx_word' id='word_1_417' title='bbox 1044 4857 1091 4912; x_wconf 87' lang='lat' dir='ltr'>has</span> <span class='ocrx_word' id='word_1_418' title='bbox 1109 4859 1208 4934; x_wconf 87' lang='lat' dir='ltr'>supplet</span> <span class='ocrx_word' id='word_1_419' title='bbox 1226 4860 1301 4915; x_wconf 85' lang='lat' dir='ltr'>codex</span> <span class='ocrx_word' id='word_1_420' title='bbox 1320 4861 1421 4925; x_wconf 81' lang='lat' dir='ltr'>1t533,</span> <span class='ocrx_word' id='word_1_421' title='bbox 1441 4868 1466 4916; x_wconf 90' lang='lat' dir='ltr'>et</span> <span class='ocrx_word' id='word_1_422' title='bbox 1484 4861 1541 4914; x_wconf 91' lang='lat' dir='ltr'>huic</span> <span class='ocrx_word' id='word_1_423' title='bbox 1554 4861 1652 4914; x_wconf 87' lang='lat' dir='ltr'>lectioni</span> <span class='ocrx_word' id='word_1_424' title='bbox 1668 4860 1732 4916; x_wconf 84' lang='lat' dir='ltr'>lavet</span> 
     </span>
     <span class='ocr_line' id='line_1_36' title="bbox 162 4949 1733 5027; baseline 0.003 -24"><span class='ocrx_word' id='word_1_425' title='bbox 162 4950 172 4983; x_wconf 78' lang='lat'><strong>⁴</strong></span> <span class='ocrx_word' id='word_1_426' title='bbox 192 4949 238 5004; x_wconf 89' lang='lat' dir='ltr'>llic</span> <span class='ocrx_word' id='word_1_427' title='bbox 249 4951 332 5004; x_wconf 72' lang='lat' dir='ltr'>ambit</span> <span class='ocrx_word' id='word_1_428' title='bbox 342 4969 411 5022; x_wconf 70' lang='lat' dir='ltr'>syrus</span> <span class='ocrx_word' id='word_1_429' title='bbox 421 4951 543 5024; x_wconf 82' lang='lat' dir='ltr'>interpres</span> <span class='ocrx_word' id='word_1_430' title='bbox 553 4953 582 5003; x_wconf 77' lang='grc' dir='ltr'>τὸ</span> <span class='ocrx_word' id='word_1_431' title='bbox 592 4953 652 5004; x_wconf 69' lang='grc' dir='ltr'>αὐτὸ</span> <span class='ocrx_word' id='word_1_432' title='bbox 664 4949 693 5004; x_wconf 76' lang='grc' dir='ltr'>δὲ</span> <span class='ocrx_word' id='word_1_433' title='bbox 705 4953 747 5004; x_wconf 75' lang='lat' dir='ltr'>nal</span> <span class='ocrx_word' id='word_1_434' title='bbox 758 4953 822 5027; x_wconf 72' lang='lat' dir='ltr'>crept</span> <span class='ocrx_word' id='word_1_435' title='bbox 833 4954 912 5006; x_wconf 62' lang='lat' dir='ltr'>«aad</span> <span class='ocrx_word' id='word_1_436' title='bbox 986 4951 1062 5007; x_wconf 84' lang='lat' dir='ltr'>editio</span> <span class='ocrx_word' id='word_1_437' title='bbox 1075 4971 1162 5026; x_wconf 74' lang='lat' dir='ltr'>greca.</span> <span class='ocrx_word' id='word_1_438' title='bbox 1173 4985 1211 4993; x_wconf 97' lang='lat'><em>-</em></span> <span class='ocrx_word' id='word_1_439' title='bbox 1225 4956 1243 4987; x_wconf 82' lang='lat'>¹⁰</span> <span class='ocrx_word' id='word_1_440' title='bbox 1260 4953 1271 5008; x_wconf 93' lang='lat' dir='ltr'>l</span> <span class='ocrx_word' id='word_1_441' title='bbox 1286 4951 1325 5006; x_wconf 81' lang='lat' dir='ltr'>Ad</span> <span class='ocrx_word' id='word_1_442' title='bbox 1340 4951 1445 5007; x_wconf 66' lang='lat' dir='ltr'>Corinth.</span> <span class='ocrx_word' id='word_1_443' title='bbox 1461 4971 1518 5018; x_wconf 77' lang='lat' dir='ltr'>arn,</span> <span class='ocrx_word' id='word_1_444' title='bbox 1534 4955 1560 5008; x_wconf 88' lang='lat'>6.</span> <span class='ocrx_word' id='word_1_445' title='bbox 1574 4955 1649 5025; x_wconf 75' lang='lat' dir='ltr'>Syrus</span> <span class='ocrx_word' id='word_1_446' title='bbox 1659 4954 1733 5008; x_wconf 45' lang='lat' dir='ltr'>omits</span> 
     </span>
     <span class='ocr_line' id='line_1_37' title="bbox 163 5041 1733 5120; baseline 0.004 -26"><span class='ocrx_word' id='word_1_447' title='bbox 163 5061 241 5110; x_wconf 73' lang='lat' dir='ltr'>paros</span> <span class='ocrx_word' id='word_1_448' title='bbox 254 5044 333 5112; x_wconf 67' lang='grc' dir='ltr'>λέγει.</span> <span class='ocrx_word' id='word_1_449' title='bbox 347 5047 405 5084; x_wconf 78' lang='lat'>-¹</span> <span class='ocrx_word' id='word_1_450' title='bbox 424 5045 436 5098; x_wconf 98' lang='lat' dir='ltr'>l</span> <span class='ocrx_word' id='word_1_451' title='bbox 451 5041 489 5098; x_wconf 74' lang='lat' dir='ltr'>Aa</span> <span class='ocrx_word' id='word_1_452' title='bbox 505 5041 610 5098; x_wconf 59' lang='lat' dir='ltr'>cosam</span> <span class='ocrx_word' id='word_1_453' title='bbox 623 5063 683 5107; x_wconf 87' lang='lat' dir='ltr'>rrrr,</span> <span class='ocrx_word' id='word_1_454' title='bbox 695 5045 720 5098; x_wconf 90' lang='lat'>6.</span> <span class='ocrx_word' id='word_1_455' title='bbox 737 5045 813 5116; x_wconf 74' lang='lat' dir='ltr'>Syrus</span> <span class='ocrx_word' id='word_1_456' title='bbox 829 5046 912 5100; x_wconf 81' lang='lat' dir='ltr'>omisit</span> <span class='ocrx_word' id='word_1_457' title='bbox 986 5046 1015 5099; x_wconf 87' lang='lat' dir='ltr'>tit</span> <span class='ocrx_word' id='word_1_458' title='bbox 1029 5044 1061 5101; x_wconf 79' lang='lat' dir='ltr'>lit</span> <span class='ocrx_word' id='word_1_459' title='bbox 1074 5063 1137 5100; x_wconf 76' lang='lat' dir='ltr'>unos</span> <span class='ocrx_word' id='word_1_460' title='bbox 1152 5045 1269 5100; x_wconf 78' lang='lat' dir='ltr'>Domlnm</span> <span class='ocrx_word' id='word_1_461' title='bbox 1284 5045 1355 5100; x_wconf 79' lang='lat' dir='ltr'>lesus</span> <span class='ocrx_word' id='word_1_462' title='bbox 1372 5045 1495 5109; x_wconf 74' lang='lat' dir='ltr'>Christus,</span> <span class='ocrx_word' id='word_1_463' title='bbox 1507 5065 1555 5119; x_wconf 82' lang='lat' dir='ltr'>per</span> <span class='ocrx_word' id='word_1_464' title='bbox 1566 5065 1635 5120; x_wconf 77' lang='lat' dir='ltr'>quem</span> <span class='ocrx_word' id='word_1_465' title='bbox 1654 5048 1733 5100; x_wconf 76' lang='lat' dir='ltr'>omnio</span> 
     </span>
     <span class='ocr_line' id='line_1_38' title="bbox 162 5133 1733 5214; baseline 0.004 -25"><span class='ocrx_word' id='word_1_466' title='bbox 162 5153 212 5189; x_wconf 80' lang='lat' dir='ltr'>essa</span> <span class='ocrx_word' id='word_1_467' title='bbox 225 5133 332 5189; x_wconf 75' lang='lat' dir='ltr'>Verbum.</span> <span class='ocrx_word' id='word_1_468' title='bbox 347 5140 405 5177; x_wconf 65' lang='lat' dir='ltr'>-t</span> <span class='ocrx_word' id='word_1_469' title='bbox 422 5135 506 5190; x_wconf 75' lang='lat' dir='ltr'>loma.</span> <span class='ocrx_word' id='word_1_470' title='bbox 521 5155 542 5200; x_wconf 88' lang='lat' dir='ltr'>r,</span> <span class='ocrx_word' id='word_1_471' title='bbox 557 5155 579 5191; x_wconf 89' lang='lat' dir='ltr'>r.</span> <span class='ocrx_word' id='word_1_472' title='bbox 593 5139 649 5178; x_wconf 89' lang='lat'>—⁷</span> <span class='ocrx_word' id='word_1_473' title='bbox 669 5135 733 5192; x_wconf 79' lang='lat' dir='ltr'>lAd</span> <span class='ocrx_word' id='word_1_474' title='bbox 748 5135 853 5192; x_wconf 55' lang='lat' dir='ltr'>Corium</span> <span class='ocrx_word' id='word_1_475' title='bbox 867 5155 909 5202; x_wconf 90' lang='lat' dir='ltr'>rrr,</span> <span class='ocrx_word' id='word_1_476' title='bbox 985 5149 1007 5192; x_wconf 83' lang='lat' dir='ltr'>et</span> <span class='ocrx_word' id='word_1_477' title='bbox 1028 5157 1072 5192; x_wconf 79' lang='lat' dir='ltr'>nos</span> <span class='ocrx_word' id='word_1_478' title='bbox 1094 5158 1146 5212; x_wconf 79' lang='lat' dir='ltr'>por.</span> <span class='ocrx_word' id='word_1_479' title='bbox 1166 5171 1204 5180; x_wconf 93' lang='lat'>-</span> <span class='ocrx_word' id='word_1_480' title='bbox 1226 5142 1243 5174; x_wconf 87' lang='lat'>¹¹</span> <span class='ocrx_word' id='word_1_481' title='bbox 1264 5140 1307 5194; x_wconf 85' lang='lat' dir='ltr'>Gr.</span> <span class='ocrx_word' id='word_1_482' title='bbox 1331 5146 1365 5207; x_wconf 72' lang='grc' dir='ltr'>τῷ</span> <span class='ocrx_word' id='word_1_483' title='bbox 1384 5137 1505 5206; x_wconf 71' lang='grc' dir='ltr'><strong><em>ἰδιώματι,</em></strong></span> <span class='ocrx_word' id='word_1_484' title='bbox 1523 5140 1562 5195; x_wconf 87' lang='lat' dir='ltr'>cni</span> <span class='ocrx_word' id='word_1_485' title='bbox 1583 5139 1733 5214; x_wconf 70' lang='lat' dir='ltr'>suffragatur</span> 
     </span>
     <span class='ocr_line' id='line_1_39' title="bbox 166 5228 1731 5307; baseline 0.003 -25"><span class='ocrx_word' id='word_1_486' title='bbox 166 5230 208 5282; x_wconf 70' lang='lat' dir='ltr'>re.</span> <span class='ocrx_word' id='word_1_487' title='bbox 220 5230 277 5269; x_wconf 83' lang='lat'>-—¹</span> <span class='ocrx_word' id='word_1_488' title='bbox 292 5228 338 5283; x_wconf 85' lang='lat' dir='ltr'>llic</span> <span class='ocrx_word' id='word_1_489' title='bbox 351 5247 432 5301; x_wconf 71' lang='lat' dir='ltr'>syrus,</span> <span class='ocrx_word' id='word_1_490' title='bbox 444 5229 477 5284; x_wconf 91' lang='lat' dir='ltr'>ad</span> <span class='ocrx_word' id='word_1_491' title='bbox 490 5230 614 5284; x_wconf 86' lang='lat' dir='ltr'>litteram:</span> <span class='ocrx_word' id='word_1_492' title='bbox 629 5241 653 5284; x_wconf 82' lang='lat' dir='ltr'>st</span> <span class='ocrx_word' id='word_1_493' title='bbox 670 5231 749 5284; x_wconf 83' lang='lat' dir='ltr'>unitos</span> <span class='ocrx_word' id='word_1_494' title='bbox 764 5230 864 5302; x_wconf 70' lang='lat' dir='ltr'>physica</span> <span class='ocrx_word' id='word_1_495' title='bbox 878 5231 912 5284; x_wconf 88' lang='lat' dir='ltr'>nd</span> <span class='ocrx_word' id='word_1_496' title='bbox 984 5231 1060 5286; x_wconf 85' lang='lat' dir='ltr'>codex</span> <span class='ocrx_word' id='word_1_497' title='bbox 1085 5233 1187 5296; x_wconf 73' lang='lat' dir='ltr'>rasas,</span> <span class='ocrx_word' id='word_1_498' title='bbox 1212 5231 1255 5305; x_wconf 86' lang='lat' dir='ltr'>qui</span> <span class='ocrx_word' id='word_1_499' title='bbox 1275 5231 1334 5305; x_wconf 69' lang='lat' dir='ltr'>legit</span> <span class='ocrx_word' id='word_1_500' title='bbox 1354 5232 1507 5303; x_wconf 65' lang='lat' dir='ltr'>proprietatis</span> <span class='ocrx_word' id='word_1_501' title='bbox 1526 5233 1579 5288; x_wconf 87' lang='lat' dir='ltr'>loeo</span> <span class='ocrx_word' id='word_1_502' title='bbox 1596 5235 1731 5307; x_wconf 68' lang='lat' dir='ltr'>generatio·</span> 
     </span>
     <span class='ocr_line' id='line_1_40' title="bbox 164 5321 1030 5396; baseline 0.001 -21"><span class='ocrx_word' id='word_1_503' title='bbox 164 5321 267 5394; x_wconf 81' lang='lat' dir='ltr'>(scilicet</span> <span class='ocrx_word' id='word_1_504' title='bbox 281 5339 337 5375; x_wconf 86' lang='lat' dir='ltr'>eum</span> <span class='ocrx_word' id='word_1_505' title='bbox 348 5323 433 5392; x_wconf 76' lang='lat' dir='ltr'>Patre)</span> <span class='ocrx_word' id='word_1_506' title='bbox 443 5322 537 5375; x_wconf 78' lang='lat' dir='ltr'>Patrem</span> <span class='ocrx_word' id='word_1_507' title='bbox 550 5321 605 5376; x_wconf 81' lang='lat' dir='ltr'>Filii</span> <span class='ocrx_word' id='word_1_508' title='bbox 616 5334 638 5375; x_wconf 81' lang='lat' dir='ltr'>et</span> <span class='ocrx_word' id='word_1_509' title='bbox 648 5321 754 5396; x_wconf 71' lang='lat' dir='ltr'>Spiritau</span> <span class='ocrx_word' id='word_1_510' title='bbox 766 5321 909 5394; x_wconf 76' lang='lat' dir='ltr'>affimatur.</span> <span class='ocrx_word' id='word_1_511' title='bbox 985 5325 1030 5377; x_wconf 80' lang='lat' dir='ltr'>nie.</span> 
     </span>
    </p>
   </div>
   <div class='ocr_carea' id='block_1_6' title="bbox 0 0 2017 6098">
    <p class='ocr_par' dir='ltr' id='par_1_6' title="bbox 0 0 2017 6098">
     <span class='ocr_line' id='line_1_41' title="bbox 0 0 2017 6098; baseline 0 0"><span class='ocrx_word' id='word_1_512' title='bbox 0 0 2017 6098; x_wconf 95' lang='lat' dir='ltr'> </span> 
     </span>
    </p>
   </div>
  </div>
 </body>
</html>
