3982 6082
258 610 351 652 xxvrrr
867 579 1218 650 PROLEGOMENA.

310 736 481 808 Canonum
494 759 575 832 quos
591 731 716 804 edimus
729 731 841 803 duaeet
850 731 930 803 [orte
940 730 1050 830 plures
1061 731 1269 831 reperiuntur
1278 730 1439 802 versiones
1452 727 1539 830 apud
1549 729 1658 829 Syros.
1669 731 1828 814 Ouenam

259 857 375 928 barum
394 853 577 928 versionum
601 853 642 924 sit
664 851 719 926 illa
742 879 840 953 quam
859 851 1023 926 transtulit
1045 853 1079 926 S.
1097 851 1281 936 Marathos,
1303 852 1472 952 episcopus
1493 853 1692 951 tagritensis,
1711 867 1829 954 quarte

259 977 392 1062 seculo,
410 976 498 1048 dicto
511 974 640 1047 difficile
659 986 716 1046 est.
730 972 879 1046 Attamen
897 1002 916 1046 a
933 1000 1083 1047 veronen
1098 972 1197 1072 longe
1210 974 1321 1048 abesse
1336 987 1489 1073 putemus
1503 973 1531 1046 si
1545 987 1655 1048 sancto
1668 974 1753 1060 viro,
1770 975 1829 1074 qui

260 1126 346 1170 unus
359 1098 491 1171 Petrum
506 1097 710 1171 Nicaenorum
734 1094 811 1179 tuit,
831 1095 1012 1170 tribuamus
1031 1096 1209 1168 versionem
1228 1121 1329 1194 quam
1341 1093 1492 1167 exhibent
1509 1094 1575 1167 duo
1593 1094 1719 1168 codices
1737 1094 1831 1168 addi-

260 1219 323 1290 titii
345 1219 465 1292 1t528
490 1231 522 1289 et
551 1219 669 1316 111529
691 1215 796 1289 Musei
818 1215 1012 1288 Britannici.
1031 1215 1210 1315 Utramque
1230 1215 1410 1288 versionem
1433 1243 1500 1288 non
1519 1216 1685 1316 potuimus
1704 1217 1831 1316 integre

260 1340 421 1424 conferre,
435 1340 492 1412 sed
504 1351 612 1438 partes
628 1338 807 1438 praecipuas
824 1336 1049 1409 tantummodo
1068 1337 1279 1422 contulimus,
1295 1337 1473 1437 praesertim
1491 1337 1652 1410 celebrem
1672 1364 1830 1410 canonem

260 1476 394 1535 sertum.
411 1461 448 1533 ln
464 1458 572 1532 codice
586 1458 734 1534 LXXXIV
752 1485 884 1530 armeno
899 1458 1085 1558 parisiensi,
1106 1459 1164 1557 qui
1176 1456 1448 1530 absolutissimam
1461 1458 1590 1531 exhibet
1606 1457 1830 1531 collectionem

260 1610 421 1656 canonum
440 1581 744 1665 ecclesiasticorum,
758 1579 864 1679 qualis
879 1580 912 1651 in
925 1577 1067 1656 Ecclesia
1087 1605 1220 1653 armena
1243 1579 1408 1678 recipitur,
1430 1579 1633 1679 repperimus
1654 1579 1752 1652 etiam
1767 1579 1831 1652 hos

261 1731 373 1777 omnes
398 1730 552 1790 canones,
573 1731 684 1777 verum
706 1703 748 1774 ab
771 1702 834 1774 illis
848 1701 1018 1801 vulgandis
1041 1701 1274 1785 abstinuimus,
1290 1727 1332 1774 ne
1349 1701 1456 1802 operis
1481 1701 1583 1775 moles
1605 1701 1641 1772 in
1662 1701 1830 1774 infinitum

260 1853 352 1926 paene
370 1838 534 1898 cresceret.
546 1825 591 1897 Ex
607 1824 669 1897 boc
687 1823 795 1897 codice
810 1823 1038 1924 descripsimus
1052 1822 1256 1898 solummodo
1273 1823 1454 1923 catalogum
1466 1823 1600 1895 Petrum
1613 1821 1829 1907 nicaenorum,

261 1960 298 2018 ut
309 1946 443 2020 lectores
455 1947 601 2048 quinque
609 1945 786 2044 catalogos,
798 1972 937 2046 graecum
947 1972 1079 2046 nempe,
1093 1945 1247 2028 latinum,
1257 1945 1433 2045 coptieum,
1448 1944 1606 2043 syriacum
1618 1957 1650 2016 et
1660 1969 1831 2017 armenum

260 2070 406 2142 conferre
421 2070 555 2170 possint.
573 2070 748 2153 Caeterum,
767 2067 865 2142 relate
882 2068 926 2139 ad
938 2080 1113 2167 utrumque
1131 2066 1313 2163 catalogum
1329 2093 1427 2167 quem
1439 2065 1566 2138 edimus
1579 2064 1661 2138 nibil
1671 2065 1831 2138 habemus

260 2192 349 2290 quod
377 2191 534 2262 addamus
560 2190 645 2261 notis
669 2189 807 2261 versioni
831 2201 947 2259 nostres
970 2187 1138 2285 subjectis,
1164 2186 1227 2258 nisi
1254 2187 1336 2258 forte
1359 2187 1448 2286 quod
1464 2185 1607 2285 Angelus
1633 2186 1739 2259 Maius
1760 2189 1830 2285 jam

261 2310 364 2384 edidit
388 2339 425 2386 ex
443 2309 626 2384 Ehed-Jesu
647 2309 785 2382 Sobensi
809 2307 1007 2382 nicenorum
1027 2307 1160 2382 Petrum
1178 2333 1332 2381 mancum
1355 2307 1529 2412 quemdam
1555 2307 1715 2408 syriacum
1739 2321 1830 2381 cata-

259 2432 371 2530 logum
387 2435 410 2501 ¹.

995 2586 1102 2658 XXll

313 2796 426 2867 Lector
441 2794 572 2866 demum
595 2791 636 2864 ad
659 2792 778 2863 calcem
800 2791 1027 2864 Analectorum
1049 2789 1233 2864 nostrorum
1255 2791 1395 2891 reperiet
1414 2818 1618 2866 excursuma
1640 2791 1715 2864 Rev.
1735 2792 1829 2864 Patre

261 2916 440 3014 Augustino
460 2914 572 2986 Cissea
594 2913 823 2990 concinnatum
844 2913 878 2984 in
900 2912 1064 2989 arabicam
1081 2913 1210 2988 Tatiani
1233 2915 1296 2988 dccl
1321 2917 1490 3012 τεσσῴων
1513 2910 1707 2998 versionem,
1730 2937 1829 3012 quem

260 3065 362 3139 prope
379 3038 467 3114 diem
482 3035 628 3107 editurus
640 3048 698 3108 est.

299 3309 306 3341 ¹
327 3304 385 3360 Maii
402 3304 519 3378 Scriptus.
535 3319 579 3362 net.
590 3327 642 3362 noc.
655 3307 743 3361 collect.
756 3314 772 3361 t.
786 3307 832 3372 lX,
848 3324 905 3380 pag.
919 3305 1014 3378 rip-lo.
