3982 6082
793 593 1145 665 PROLEGOMENA.
1733 619 1762 663 n

184 745 255 822 dem
269 741 383 832 Hraoe,
397 743 473 819 licet
487 743 583 818 lectio
599 771 731 818 armena
746 743 874 848 (lHicro)
893 773 1006 819 ansam
1024 746 1080 818 tali
1092 745 1264 819 mutationi
1282 771 1348 817 non
1363 744 1521 846 praebeat,
1533 759 1606 846 post
1617 743 1762 820 Platonis

184 868 270 942 dicta
291 881 324 941 ct
343 863 493 939 Arriani¹
518 865 812 940 animadversiones
834 866 875 939 de
901 866 989 940 cultu
1014 868 1184 968 praecipue
1209 865 1385 940 divinitatis
1406 865 1505 940 Phasi
1527 879 1560 940 ct
1580 866 1761 953 Colchida,

183 1017 254 1064 esse
273 988 407 1062 omnino
426 999 555 1062 certam.
575 988 639 1060 Nec
657 987 879 1061 difficrdtatem
899 1015 1008 1062 creare
1026 988 1124 1062 debet
1142 989 1279 1061 mutatio
1303 988 1443 1061 nominis
1463 987 1549 1060 lilaea
1565 989 1599 1060 in
1617 987 1758 1070 ilicone,

181 1111 257 1184 licet
272 1111 313 1183 sit
330 1110 535 1211 aliquatenus
551 1108 698 1195 insolita3
718 1136 793 1182 nam
815 1111 873 1209 qui
890 1137 1066 1212 parumper
1086 1110 1121 1182 in
1140 1135 1272 1185 armena
1289 1109 1403 1208 lingua
1420 1109 1537 1182 versati
1552 1122 1643 1193 sunt,
1661 1135 1759 1209 quam

181 1231 276 1305 facile
294 1244 518 1304 extraneorum
534 1231 668 1302 nomina
684 1230 817 1303 Armeni
834 1231 1010 1331 depravent
1028 1245 1061 1304 et
1077 1244 1302 1331 corrumpant,
1321 1244 1453 1304 norunt.

236 1355 284 1426 De
299 1352 435 1453 reliquis
447 1351 609 1436 aristida,
627 1378 684 1424 seu
701 1352 810 1452 potius
824 1352 971 1437 Aristeae,
985 1352 1191 1451 fragmentis,
1206 1355 1318 1452 paucis
1337 1379 1509 1452 possumus
1527 1379 1633 1450 agere.
1649 1352 1758 1426 Unum
1795 1335 1799 1343 ’

182 1475 271 1547 enim
292 1474 420 1547 videtur
443 1499 512 1546 esse
534 1500 626 1574 pars,
649 1473 698 1546 vel
719 1475 893 1558 sermonis,
916 1489 953 1546 ut
974 1475 1036 1547 fert
1058 1474 1225 1575 inscriptio
1250 1475 1285 1546 in
1312 1473 1508 1547 collectaneo
1531 1499 1679 1558 armeno,
1708 1471 1758 1547 vel

182 1595 407 1669 commentarii
424 1594 465 1667 de
476 1609 580 1669 morte
603 1594 734 1668 Christi.
753 1595 840 1667 Sanc
856 1595 898 1668 de
914 1609 1018 1668 morte
1038 1595 1158 1669 Christi
1173 1595 1361 1696 frequenter
1378 1595 1536 1694 agebatur
1552 1595 1586 1668 in
1603 1594 1759 1696 praedica-

182 1717 269 1790 tione
288 1715 500 1789 ecclesiastica
517 1716 630 1819 primis
647 1716 797 1789 Ecclesia
810 1717 951 1803 saeculis,
966 1731 1003 1790 ut
1020 1731 1107 1790 certo
1123 1717 1271 1790 novimus
1290 1743 1327 1789 ex
1339 1716 1411 1816 ipso
1427 1715 1516 1790 Novo
1533 1715 1755 1804 Testamento;

182 1863 241 1910 nec
255 1837 373 1909 mirum
391 1850 440 1910 est
454 1837 481 1908 si
495 1837 661 1937 quoddam
677 1837 796 1909 horum
814 1864 1001 1910 sermonum
1019 1839 1237 1937 fragmentum
1255 1837 1468 1938 superfuerit,
1487 1838 1552 1910 imo
1570 1836 1755 1908 mirandum

180 1958 286 2057 magis
303 1972 350 2030 est
362 1958 457 2058 plura
473 1958 515 2031 ad
530 1985 589 2030 nos
602 1985 706 2060 usque
721 1984 787 2031 non
801 1959 994 2059 pervenisse.
1015 1957 1112 2042 Quod
1122 1958 1223 2056 igitur
1233 1959 1370 2032 maxime
1382 1973 1430 2031 est
1440 1958 1678 2032 observandum
1690 1984 1756 2030 res-

180 2093 278 2181 pectu
302 2079 342 2151 ad
359 2078 504 2152 Aristidis
522 2105 721 2164 sermonem,
738 2092 786 2152 est
800 2079 929 2152 nullum
948 2079 1115 2180 antiquius
1133 2092 1255 2152 emtare
1270 2079 1453 2179 exemplum
1472 2079 1607 2179 hujusce
1625 2079 1753 2176 generis

179 2201 460 2275 documentorum.
473 2202 578 2286 Quam
592 2200 727 2302 pulchre
738 2212 851 2273 auctor
861 2201 1010 2301 quadam
1021 2200 1234 2274 ecclesiastica
1245 2199 1413 2298 dogmata,
1423 2198 1624 2273 divinitatem
1633 2197 1754 2272 Christi

176 2321 354 2424 praecipue,
374 2334 512 2422 exponat
529 2334 561 2394 et
578 2320 746 2408 defendat,
770 2349 867 2396 nemo
885 2336 933 2396 est
954 2323 1011 2422 qui
1027 2349 1092 2395 non
1111 2321 1228 2395 videat.
1250 2321 1314 2395 Neo
1336 2322 1372 2394 in
1391 2322 1453 2394 hoc
1473 2347 1622 2393 sermone
1639 2321 1754 2422 deprc-

176 2443 350 2518 hondimus
368 2443 495 2546 aliquid
512 2443 600 2545 quod
618 2444 803 2546 sequiorem
820 2457 946 2518 aetatem
967 2445 1127 2531 redoleat,
1147 2443 1209 2517 nisi
1231 2444 1313 2517 forte
1329 2472 1401 2517 cum
1421 2442 1655 2517 recentioribus
1674 2441 1752 2544 qui-

176 2565 315 2639 busdam
332 2564 449 2638 criticis
465 2564 673 2638 admittamus
688 2564 887 2640 divinitatem
905 2566 1024 2640 Christi
1041 2579 1157 2668 quarto
1175 2579 1303 2638 tantum
1320 2565 1437 2638 saeculo
1450 2565 1546 2637 fuisse
1564 2564 1598 2636 in
1610 2564 1752 2637 Ecclesia

176 2687 339 2788 vulgatam
355 2687 572 2788 fidelibusque
586 2687 671 2761 clare
684 2690 894 2789 propositam.
907 2687 1027 2761 Verum
1043 2689 1084 2760 ab
1096 2687 1286 2788 hujusmodi
1299 2687 1508 2789 opinionibus
1521 2685 1618 2786 longe
1631 2685 1753 2758 abhor-

175 2836 294 2882 remus.

225 2930 309 3004 Cum
320 2945 429 3004 tamen
440 2930 605 3034 inscriptio
619 2931 653 3004 in
664 2909 860 3005 collectaneo
874 2945 983 3006 nostro
994 2929 1035 3004 sit
1050 2931 1255 3034 aliquatenus
1265 2930 1423 3003 dubia—
1433 2930 1649 3028 fragmentum
1662 2929 1750 3002 enim

175 3052 330 3126 tribuitur
338 3051 470 3125 An'steae
484 3095 535 3108 -·-
544 3079 686 3126 asserere
694 3080 761 3125 non
774 3052 932 3125 audemus
946 3052 1032 3126 hanc
1042 3050 1213 3126 homiliam
1227 3079 1295 3126 esse
1309 3052 1423 3125 fretum
1437 3050 1597 3126 Aristidis.
1612 3050 1751 3125 Plurimi

175 3201 322 3247 censores
332 3173 425 3246 illum
436 3185 547 3246 sancto
562 3173 740 3274 apologetae
755 3172 888 3246 secundi
896 3174 1004 3247 saeculi
1018 3174 1238 3273 abjudicant2,
1251 3184 1298 3259 et,
1310 3174 1387 3246 licat
1397 3173 1547 3274 quasdam
1559 3185 1751 3273 argumenta

175 3293 215 3366 ab
237 3294 282 3368 eis
301 3293 399 3367 allata
422 3323 488 3368 non
507 3293 679 3367 videantur
693 3295 914 3380 declararunt,
934 3307 1112 3368 testamen
1131 3294 1165 3367 in
1184 3293 1285 3367 dubio
1301 3293 1518 3395 relinquenda
1536 3307 1594 3367 est.
1616 3292 1751 3367 Nullum

173 3416 362 3516 scriptorem
380 3416 550 3518 antiquum
566 3416 714 3490 novimus
732 3418 789 3518 qni
810 3423 942 3490 nomine
959 3417 1090 3490 Arietem
1115 3415 1272 3516 gaudeat,
1289 3429 1322 3490 et
1341 3416 1411 3488 hac
1437 3429 1485 3489 est
1501 3416 1584 3489 ratio
1605 3443 1663 3488 cur
1680 3413 1752 3487 edi-

173 3549 258 3608 tores
275 3537 421 3612 Aristidis
444 3537 661 3638 fragmentum
683 3537 824 3612 homilias
852 3539 1021 3612 retulerint
1048 3538 1225 3639 apologctm
1243 3538 1442 3624 atheniensi,
1476 3565 1574 3639 quem
1600 3537 1749 3611 universa

173 3657 316 3733 laudavit
334 3657 522 3760 antiquitas.
1435 3636 1454 3686 Ι

937 3911 984 3988 Vl

224 4133 343 4209 hlirum
359 4147 407 4210 est
424 4163 522 4237 quam
541 4135 606 4210 alto
621 4150 815 4238 praetereant
830 4135 959 4210 silentio
973 4136 1138 4210 lustinum
1151 4135 1384 4238 philosophum
1395 4151 1426 4211 ot
1442 4151 1617 4238 martyrem
1634 4134 1745 4209 collec-

171 4270 266 4330 tanea
280 4256 403 4355 syriaca
419 4271 452 4332 et
469 4285 613 4332 armona.
632 4257 691 4331 Vix
708 4257 795 4333 enim
814 4257 902 4332 illius
917 4283 1037 4332 nomen
1052 4257 1086 4331 in
1106 4257 1193 4332 hisee
1210 4257 1376 4332 codicibus
1391 4258 1524 4332 citatum
1540 4256 1698 4360 reperias,
1717 4256 1744 4328 si

170 4379 330 4479 exceperis
353 4405 456 4452 unum
479 4394 536 4453 aut
559 4381 713 4462 alterum,
732 4381 767 4454 in
790 4409 857 4484 quo
879 4381 959 4455 olim
979 4382 1105 4478 integer
1121 4381 1276 4454 existebat
1295 4393 1450 4455 tractatus
1466 4381 1501 4453 de
1519 4375 1605 4454 Recto
1628 4380 1744 4481 corgfcs·

168 4499 248 4571 sione
265 4514 376 4572 sancto
394 4501 579 4601 Apologetae
602 4499 760 4588 tributus,
775 4500 850 4576 licct
869 4503 954 4577 inter
974 4504 1057 4576 viros
1077 4500 1221 4575 eruditos
1239 4500 1374 4604 quaestio
1389 4514 1555 4575 moveatur
1573 4529 1615 4574 an
1634 4527 1743 4574 msera

169 4633 324 4694 tractatus
342 4621 400 4695 istc
423 4621 464 4696 sit
485 4625 665 4722 genuinum
684 4623 804 4700 lustini
825 4629 938 4727 opus³.
963 4621 1059 4698 Illum
1083 4651 1161 4698 sane
1179 4626 1375 4700 collectanea
1394 4623 1517 4724 syriaca
1535 4623 1577 4697 ad
1594 4635 1742 4697 sanctum

208 4819 216 4852 ¹
234 4817 366 4882 Arrianus,
383 4817 550 4894 Peripl.,cap.
565 4837 597 4874 rr.
1032 4824 1043 4856 ³
1062 4819 1105 4876 Cfr
1120 4819 1209 4896 Gcorg.
1228 4821 1361 4895 bldsinger,
1376 4819 1528 4876 Monunwnta
1546 4821 1655 4893 ammes,
1672 4828 1690 4876 t.
1705 4819 1742 4886 fl,

205 4911 215 4942 ²
234 4909 370 4966 Oscarvon
390 4910 520 4966 Gebhardt
538 4915 564 4966 at
582 4911 679 4986 Adelph
701 4912 815 4968 Hamacla
834 4911 921 4985 (Tecta
995 4932 1021 4988 p.
1035 4933 1060 4987 7,
1077 4921 1156 4970 textus
1169 4915 1255 4989 syriaci
1265 4923 1291 4970 et
1302 4914 1461 4990 praefationis.
1477 4913 1514 4970 lbi
1523 4913 1744 4970 alferturccodice

167 5002 218 5055 und
231 5001 443 5074 lbrtoeroehangcn
460 5022 506 5057 zur
525 5003 660 5058 Gcrchichtc
676 5005 719 5059 der
736 5006 920 5061 altchrictlichcn
995 5007 1203 5079 ratimnosyriaco
1214 5008 1313 5082 abb,p.
1324 5003 1744 5081 53,b,fmgmentum:capitisxrrn

168 5093 299 5159 ficeretur,
313 5095 416 5170 Lipsiae,
436 5097 568 5163 llinrichs,
589 5100 686 5170 1882),
710 5117 734 5173 p.
759 5099 861 5172 98-1rb
889 5099 920 5155 de
995 5100 1107 5174 ejusdem
1128 5109 1253 5155 tractatus.
1276 5102 1360 5166 Quum
1377 5100 1444 5155 istud
1464 5119 1514 5155 non
1533 5103 1641 5176 supersit
1659 5103 1684 5156 in
1700 5121 1745 5156 ro-

168 5188 295 5252 Quadratc
309 5195 335 5242 et
345 5187 466 5253 Aristide,
479 5187 523 5244 sed
538 5191 694 5265 potissimum
710 5209 735 5265 p.
753 5211 828 5265 cop-r
838 5193 869 5247 rb
888 5193 920 5248 de
995 5195 1049 5250 dica
1064 5195 1217 5258 londinensi,
1234 5213 1284 5248 non
1304 5195 1361 5248 ficet
1375 5194 1459 5250 dicere
1478 5213 1510 5250 an
1524 5195 1692 5272 fragmentum
1715 5195 1748 5249 sit

167 5279 311 5354 fragmentis
323 5299 425 5337 armeno
435 5283 538 5358 repertis
547 5283 684 5351 disserunt,
695 5291 771 5359 atque
783 5285 919 5341 meandum
995 5286 1154 5362 desumptum
1167 5307 1196 5343 ex
1206 5287 1293 5343 cadem
1306 5287 1426 5343 versione.

166 5371 267 5428 Aristidi
280 5371 413 5450 denegant.
