3980 6084
680 551 880 620 SANCTUS
910 551 1189 619 Mardonius.

918 875 950 943 ll

364 1049 411 1104 ΕΤ,
430 1047 502 1092 POST
521 1047 603 1104 atre,
621 1048 732 1092 uaurto
747 1047 795 1091 Fl'l'
812 1046 911 1092 saucit
929 1048 1058 1102 Jusrlul,
1078 1048 1254 1094 ru1t0sorfl1
1273 1051 1308 1094 ut*
1328 1028 1504 1095 uunrtuls¹.

202 1196 297 1280 Quod
318 1195 361 1280 si,
382 1221 511 1268 carnem
535 1221 593 1266 nec
615 1193 829 1279 liberaturus,
847 1221 907 1266 nec
925 1195 1152 1278 suscitaturus,
1171 1222 1300 1268 caruem
1320 1196 1442 1280 induit,
1463 1199 1505 1270 ed
1528 1200 1608 1298 quid
1631 1201 1721 1274 illam

19 1397 22 1404 ,
43 1393 46 1400 ,
150 1317 257 1390 induit
275 1341 373 1417 quam
388 1342 448 1388 nec
464 1315 620 1398 liberare,
637 1341 696 1386 nec
713 1315 867 1388 suscitare
891 1315 1049 1388 debebat?
1072 1313 1184 1417 (202)
1201 1316 1287 1389 Nihil
1306 1317 1392 1389 enim
1418 1319 1619 1420 superlluum
1644 1350 1723 1422 ope-

17 1420 35 1460 l'
150 1452 241 1510 ratur
267 1437 368 1510 Filius
391 1437 460 1510 Dei.
485 1437 586 1534 Ergo,
601 1463 668 1510 non
686 1436 808 1536 absque
835 1436 974 1510 utilitate
998 1436 1140 1536 quadam
1160 1439 1333 1538 assumpsit
1351 1439 1597 1514 similitudinem
1624 1445 1721 1523 servi,

151 1585 268 1659 nempe
284 1559 360 1659 quia
378 1557 516 1630 liberare
532 1571 563 1630 et
578 1557 731 1630 suscitare
748 1557 885 1630 volebat.
907 1559 988 1630 Vere
1008 1557 1094 1629 enim
1111 1557 1173 1629 luit
1190 1557 1302 1642 bomo;
1321 1585 1394 1634 vere
1411 1587 1525 1659 passus
1544 1574 1591 1634 est
1609 1575 1640 1634 et
1656 1590 1723 1634 uon

151 1692 277 1752 tautum
294 1676 453 1778 putative,
467 1676 556 1777 quod
571 1677 712 1749 veritatis
730 1690 777 1749 est
797 1677 937 1773 negatio.
958 1676 1076 1750 Omnia
1095 1678 1182 1749 enirn
1201 1678 1281 1749 reali
1302 1679 1399 1750 modo
1417 1680 1451 1750 in
1470 1707 1508 1752 eo
1528 1681 1610 1754 lacta
1629 1697 1722 1766 sunt,

152 1815 189 1872 ut
205 1825 279 1872 vere
293 1797 529 1899 primogenitus
546 1810 749 1868 mortuorum
765 1801 965 1896 appareret.
993 1797 1150 1869 Terrenus
1169 1824 1240 1869 vere
1258 1797 1419 1870 coelestes³
1435 1813 1467 1870 et
1482 1801 1634 1873 mortales
1652 1829 1724 1875 rere

152 1919 350 1992 immortales
371 1919 486 1990 effecit.

16 2140 19 2147 A
203 2039 367 2112 lustinus*
385 2063 500 2138 porro,
520 2036 640 2109 illevit
659 2037 792 2138 Neapoli
811 2036 984 2121 oriundus,
1008 2037 1081 2137 qui,
1105 2051 1175 2109 tum
1197 2051 1305 2122 aetate,
1328 2051 1397 2110 tum
1419 2039 1554 2114 virtute⁵
1578 2042 1618 2114 ab
1639 2044 1726 2144 Apo-

152 2161 243 2234 stolis
259 2174 403 2233 remotus
428 2185 493 2231 nou
512 2171 596 2240 erat,
618 2157 696 2230 dicit
718 2185 737 2228 a
755 2157 885 2231 mortali
907 2156 1128 2230 hereditatem
1148 2159 1306 2258 relinqui,
1331 2187 1349 2232 a
1371 2160 1440 2233 vivo
1463 2175 1571 2234 autem
1589 2161 1726 2261 haeredi·¹
1767 2213 1773 2226 ·

9 2262 34 2360 ,
153 2295 252 2356 tatem
267 2280 383 2380 recipi,
402 2295 434 2353 et
451 2305 580 2352 carnem
600 2279 732 2378 quidem
750 2279 850 2363 mori,
866 2279 1021 2351 coelorum
1040 2292 1148 2351 autem
1164 2305 1301 2377 regnum
1318 2281 1431 2353 vivere.

28 2381 32 2391 ¹
206 2401 345 2484 Quando
356 2401 456 2499 igitur
465 2399 588 2472 Paulus
599 2399 644 2471 ait
656 2429 663 2470 :
677 2400 785 2472 «Caro
802 2413 833 2471 ct
844 2399 976 2498 sanguis
986 2423 1124 2496 reguum
1136 2399 1194 2472 [lei
1204 2399 1369 2498 possidere
1381 2426 1446 2472 non
1457 2409 1622 2501 possunt⁰‚
1632 2433 1648 2470 a
1660 2429 1726 2476 non

153 2521 310 2622 loquitur,
331 2521 451 2622 judicis
471 2545 577 2602 more,
599 2533 755 2620 tauquam
777 2520 952 2592 secundam
970 2519 1075 2592 caruis
1099 2519 1296 2592 nativitatem
1317 2547 1509 2622 aspernens;
1534 2549 1645 2595 verum
1669 2551 1727 2596 nos

155 2644 271 2717 docere
284 2642 353 2715 vult
367 2667 504 2740 regnum
520 2640 596 2724 Dei,
613 2667 715 2741 quum
738 2641 780 2713 sit
796 2642 859 2714 vita
877 2655 1013 2724 eterna,
1030 2667 1097 2713 non
1115 2667 1134 2711 a
1152 2667 1286 2741 corpore
1307 2648 1463 2726 tuntum⁷‚
1483 2644 1540 2715 sed
1558 2671 1575 2714 a
1594 2669 1727 2744 corpore

154 2764 223 2836 rivo
242 2763 438 2836 baereditari.
458 2761 602 2845 Quodsi
623 2787 759 2860 regnum
784 2761 858 2846 Dei,
879 2763 969 2862 quod
989 2773 1037 2834 est
1053 2761 1137 2844 vita,
1157 2787 1176 2833 a
1199 2752 1333 2860 corpore
1361 2753 1397 2835 ul
1416 2763 1584 2836 baereditas
1604 2765 1730 2866 recipe-

155 2899 254 2972 retur,
273 2899 351 2958 tunc
368 2882 431 2956 vita
456 2883 683 2954 absorberetur
700 2909 717 2952 a
737 2883 1013 2982 corruptione...
1041 2881 1133 2952 Nunc
1156 2894 1263 2952 autem
1284 2882 1347 2954 vita
1365 2883 1452 2982 quod
1472 2885 1609 2956 moritur
1622 2885 1729 2958 haere-

156 3007 252 3092 ditat,
281 3019 318 3077 ut
347 3005 469 3077 devicta
489 2982 608 3074 ⁸eurors
636 3001 848 3074 absorbeatur
873 3029 890 3072 a
919 3002 1043 3083 vitam,
1068 3001 1342 3100 corruptibileque
1365 3003 1406 3072 ab
1432 3004 1675 3104 incorruptione
1698 3020 1729 3078 et

155 3125 396 3198 immortalitate
419 3122 632 3224 possideatur,
657 3147 758 3222 quum
786 3120 885 3192 semel
907 3131 1082 3220 purgatum
1106 3119 1346 3219 liberatumque
1372 3149 1391 3192 a
1415 3136 1518 3196 morte
1544 3139 1574 3196 et
1596 3139 1727 3225 peccato

52 3233 59 3246 ’
156 3245 262 3318 suerit.
288 3244 423 3344 Oportet
445 3243 532 3315 enirn
558 3242 810 3315 mortalitatem⁰
834 3242 876 3312 ad
901 3241 1086 3313 servitutem
1111 3253 1143 3310 et
1171 3240 1388 3314 obedientiam
1414 3243 1525 3316 reduci
1554 3259 1589 3316 ut
1612 3271 1728 3344 corpus

157 3363 422 3466 incorruptionis,
440 3389 506 3435 uon
522 3362 721 3462 incorruptio
732 3361 875 3464 corporis
889 3360 1060 3433 haereditas
1073 3360 1208 3432 evadere
1223 3361 1334 3460 possit.

911 3649 965 3721 111

208 3839 408 3912 Resurrectio
427 3837 513 3910 enim
529 3837 570 3909 do
587 3865 625 3909 eo
644 3835 732 3936 quod
751 3835 866 3908 cecidit
885 3850 917 3908 ct
937 3835 1071 3907 surrexit
1094 3833 1299 3936 praedicatur,
1318 3851 1508 3908 nouantem
1528 3837 1568 3909 de
1582 3867 1619 3911 eo
1636 3839 1723 3939 quod

154 3988 219 4033 non
235 3959 358 4032 cecidit.

917 4189 964 4261 1v

9 4287 16 4330 e

9 4407 17 4452 r
199 4377 270 4474 Ego
285 4377 416 4462 enim¹⁰‚
434 4376 573 4477 propriis
591 4375 711 4459 oculis,
725 4375 758 4446 in
771 4374 842 4447 loco
859 4374 1018 4474 quodam,
1031 4375 1082 4447 cui
1099 4401 1219 4448 nomen
1234 4374 1407 4476 Olympus,
1424 4403 1496 4476 quae
1514 4393 1561 4451 est
1579 4379 1718 4461 ciritasl¹

186 4649 194 4679 ¹
214 4645 257 4702 ct·
273 4645 370 4720 ldiffne,
383 4643 473 4698 Petrei.
485 4643 529 4696 Gr.
541 4640 693 4698 xvim-2
709 4643 718 4695 l
737 4639 776 4695 Ad
791 4639 896 4696 ceam.

149 4757 187 4802 rr,
201 4757 244 4794 uo.
258 4773 294 4778 —
308 4743 319 4773 ⁸
333 4739 353 4793 Α
365 4737 488 4793 rubetam.
502 4767 540 4776 -
555 4735 620 4793 ‘cfr
633 4734 732 4810 Migue,
746 4733 837 4790 Pon-ol.
852 4735 896 4788 Gr.

150 4830 241 4893 xvtll.
256 4833 323 4895 31t,
336 4837 363 4884 n⁰
376 4849 414 4892 rr,
428 4829 471 4882 ubi
482 4830 534 4883 lucc
547 4848 576 4882 ex
587 4827 684 4883 schedis
699 4829 826 4883 Photianis
838 4828 898 4881 alle-

151 4930 247 4978 ruutur.
267 4927 298 4980 At
316 4924 405 4978 similia
423 4924 526 4978 omnino
545 4923 663 4996 leguntur
678 4923 705 4976 iu
721 4924 748 4976 S.
764 4921 898 4995 Epiphanii

150 5033 225 5087 opere
242 5013 360 5070 Adversus
378 5015 499 5082 Haereses,
515 5035 579 5079 carr,
599 5017 644 5070 35.
663 5013 724 5068 Vide
742 5013 833 5066 Pati-ol.
854 5013 898 5066 Gr.

151 5107 242 5172 lllllll,
253 5109 298 5162 col.
314 5110 381 5172 sut,
392 5129 417 5164 n.
427 5142 464 5150 -
476 5114 485 5142 ⁵
499 5111 531 5171 Β,
541 5127 617 5182 pauca
632 5108 762 5170 omittens,
774 5107 806 5160 ita
817 5107 898 5160 locum

151 5200 251 5256 exhibet
259 5223 265 5254 ε
274 5203 317 5274 qui
324 5213 394 5254 etate
401 5202 431 5256 ab
441 5193 558 5275 Aponon}
568 5213 672 5255 remotus
680 5211 794 5261 ueneat,
803 5197 900 5271 quotide

151 5295 228 5368 igitur
243 5292 347 5358 Pardus,
358 5302 402 5348 etc.
416 5299 474 5335 —0
489 5295 499 5348 l
517 5293 555 5347 Aa
572 5293 676 5347 Corinth.
689 5313 725 5356 rr,
739 5294 781 5344 50.
798 5290 841 5344 Clr
853 5289 900 5344 Po-

973 4641 1027 4695 trol.
1042 4641 1087 4694 Gr.
1100 4641 1191 4706 XVlll,
1204 4641 1250 4696 col.
1265 4643 1332 4706 aut,
1345 4659 1369 4696 r.
1379 4673 1416 4684 —-
1429 4645 1439 4677 ⁷
1452 4645 1469 4697 Α
1480 4645 1560 4698 omitt.
1572 4655 1672 4700 tontum.
1683 4677 1720 4686 -

972 4732 1005 4788 ⁸1
1022 4732 1061 4788 Ad
1075 4733 1181 4788 Corinth.
1193 4754 1230 4799 xv,
1245 4737 1288 4790 5e.
1301 4767 1336 4776 —
1350 4739 1362 4768 ⁹
1374 4737 1393 4789 Β
1403 4737 1584 4792 immortalitem.
1594 4769 1633 4780 -
1645 4743 1664 4774 ¹⁰
1678 4740 1721 4795 ue

974 4826 1072 4900 Migue,
1091 4826 1179 4882 Petrol.
1194 4827 1238 4880 Gr.
1252 4828 1343 4892 XVlll,
1359 4829 1428 4892 315,
1441 4833 1469 4882 n⁰
1484 4849 1542 4894 rm,
1558 4831 1600 4885 ubi
1612 4833 1720 4904 reperies

973 4939 1029 4992 quae
1046 4919 1088 4974 bic
1104 4919 1241 4975 afferuntur
1255 4919 1301 4973 sub
1317 4920 1403 4976 titulo:
1416 4919 1457 4974 tte
1472 4933 1576 4977 mactatu
1586 4925 1615 4977 de
1631 4924 1721 4978 liecur-

973 5014 1082 5066 rectionc.
1101 5014 1134 5066 Ea
1149 5015 1222 5066 etiam
1243 5013 1402 5086 reperiuntur
1418 5014 1474 5070 ibid.
1493 5016 1538 5070 col.
1558 5018 1625 5082 285,
1643 5037 1672 5082 n,
1692 5035 1720 5074 cu

975 5105 1115 5179 Epiphanio
1132 5105 1263 5177 descripta.
1284 5109 1410 5169 Attamen,
1429 5125 1499 5180 syrus
1516 5117 1598 5164 noster
1615 5111 1722 5184 pressius

976 5197 1058 5252 Photii
1071 5216 1145 5271 quam
1159 5197 1292 5270 Epiphanii
1305 5205 1398 5252 textum
1412 5202 1534 5274 sequitur,
1547 5204 1604 5258 licet
1615 5221 1664 5258 nou
1677 5223 1720 5278 pa·

977 5309 1032 5344 rum
1047 5290 1079 5344 ab
1095 5298 1199 5362 utreque
1215 5289 1320 5346 recedat.
1332 5323 1370 5332 -
1380 5295 1396 5326 ¹¹
1410 5294 1453 5350 Gr.
1466 5294 1541 5369 ὅροι,
1553 5315 1627 5351 mone.

1520 5429 1568 5480 a8.
