3980 6084
262 576 330 641 [168
615 572 790 640 Parnon
816 573 1217 640 ANTENICAENORUM
1244 573 1483 642 tntnncrt.

260 723 301 798 lis
316 723 390 796 Luc.
410 751 479 824 cap.
497 751 530 808 1,
548 723 604 823 qui
625 723 661 795 in
684 722 830 822 margine
849 723 905 796 tot.
932 752 945 795 1
968 752 994 797 r.
1013 735 1091 796 sunt
1107 723 1267 824 inscripti,
1285 723 1374 797 hisce
1391 724 1563 825 praemissis
1580 757 1588 798 :
1605 729 1652 819 Δ,1
1669 711 1834 827 anteo-,Et

260 846 339 945 ab)
358 846 445 945 vdeo
458 845 589 934 Mul,
609 857 640 915 et
656 844 689 915 in
712 845 777 917 fine
798 875 805 916 :
825 845 932 942 tq,
947 844 1015 940 a),
1031 859 1139 956 fif,
1155 868 1220 957 (faa
1237 837 1328 942 ΜΔ
1335 845 1426 956 plat
1440 852 1512 952 &t
1528 847 1596 920 Imo
1614 847 1834 948 Evangelista-

260 991 332 1039 rum
350 964 498 1049 nomina,
517 964 593 1038 inde
613 965 698 1038 alal.
721 995 762 1064 17
783 993 810 1036 r.
828 965 869 1037 ad
891 965 990 1038 finem
1014 992 1135 1067 usque,
1155 993 1174 1037 a
1198 978 1226 1038 r·
1249 993 1348 1039 manu
1377 968 1605 1069 compendiose
1631 970 1733 1042 minio
1758 998 1833 1044 era-

258 1098 342 1170 rata,
362 1113 380 1156 a
395 1085 451 1157 tol.
477 1085 545 1158 118
562 1113 588 1158 r.
609 1085 770 1185 integrae
791 1099 822 1158 a·
835 1113 934 1159 manu
953 1085 1070 1186 scripta
1088 1087 1340 1187 conspiciuntur.

310 1205 386 1279 Haec
403 1205 444 1278 de
460 1220 588 1280 externa
603 1206 722 1280 codicis
741 1207 844 1279 [orma
864 1206 1043 1293 sufficiunt,
1062 1234 1150 1280 nunc
1162 1208 1332 1309 pensanda
1348 1209 1482 1282 veniunt
1500 1237 1572 1310 quae
1589 1211 1623 1283 in
1641 1212 1711 1312 ipso
1723 1211 1830 1286 codice

258 1328 475 1401 continentur.
492 1327 523 1398 ls
539 1328 654 1428 incipit
666 1328 736 1400 siue
749 1328 843 1400 titulo
855 1355 875 1398 a
889 1327 1074 1424 doxologia,
1089 1343 1275 1430 postquam
1290 1329 1476 1404 immediate
1488 1330 1607 1430 legitur
1621 1363 1629 1403 ε
1645 1316 1829 1430 Μ,

257 1472 289 1531 et
311 1459 414 1560 spatio
436 1458 547 1558 aliquo
569 1459 735 1557 interjecto
756 1490 764 1529 z
788 1458 891 1557 anteo
908 1462 955 1551 Δ,Ι
969 1445 1093 1542 ‚lacet
1113 1457 1247 1543 deinde,
1271 1457 1357 1532 linea
1380 1455 1479 1532 vacua
1502 1459 1631 1546 relicta,
1654 1462 1828 1561 sequitur:

255 1573 305 1660 a'tt
323 1626 366 1688 gp
381 1589 474 1699 &alt
495 1587 570 1690 (cic)
586 1592 706 1696 &adt
722 1589 810 1688 ξω
826 1571 932 1670 ,Tanta
948 1570 1206 1699 ’Μ
1219 1589 1299 1673 Qua
1316 1588 1413 1662 verba
1425 1590 1467 1661 ab
1478 1590 1651 1664 dasemano
1668 1592 1712 1664 ita
1725 1605 1829 1664 trans-

256 1708 321 1781 lata
349 1709 440 1783 luere
466 1741 474 1780 :
500 1708 670 1782 Earordium
690 1711 825 1809 primvm
851 1707 1008 1807 Evangelii
1031 1735 1071 1780 aa
1096 1708 1210 1781 Marco.
1229 1709 1319 1781 Dicit
1337 1741 1347 1780 .-
1368 1710 1490 1782 Initium
1514 1711 1732 1811 predicationis
1757 1713 1830 1785 lecu

258 1828 383 1914 Ctn’vi,
410 1831 562 1903 omittens
586 1829 657 1903 Filii
684 1830 751 1904 Dei.
778 1829 891 1915 Aliter,
912 1843 944 1902 et
968 1828 1102 1930 quidem
1125 1830 1279 1930 pessime,
1305 1829 1432 1904 reddita
1458 1845 1535 1904 suut
1560 1859 1579 1904 a
1604 1831 1829 1907 Eosenmr'dlcr

254 1977 354 2049 penes
371 1951 461 2024 Zahn
472 1956 496 2036 ²,
515 1951 636 2025 scilicet
655 1983 663 2023 ε
688 1951 718 2024 E
737 1951 852 2024 Marco.
874 1949 995 2022 initium
1013 1949 1169 2050 Evangelii
1189 1952 1268 2050 φα,
1285 1968 1313 2024 ct
1332 1951 1411 2024 dicit
1426 1983 1436 2023 .·
1454 1952 1575 2024 initiam
1589 1951 1744 2052 Evangelii
1757 1953 1828 2026 leae

254 2071 384 2158 Messio,
401 2071 472 2145 Filii
483 2072 550 2145 Dei.
564 2072 720 2145 lohannes.
735 2073 856 2144 Initium
869 2071 1023 2170 Evangelii
1035 2073 1109 2171 ejas.
1124 2071 1200 2144 Haec
1215 2087 1378 2172 postrema
1391 2073 1485 2146 verba
1499 2071 1649 2175 (Initium
1662 2074 1829 2173 Evangelii

254 2192 359 2295 ejus),
377 2195 527 2294 primitus
542 2222 560 2266 a
575 2194 669 2266 nobis
681 2193 809 2267 arabice
826 2191 943 2276 relata,
962 2206 994 2265 et
1012 2191 1054 2264 ab
1069 2193 1243 2298 Assemano
1260 2221 1393 2295 prorsus
1411 2194 1545 2280 omissa,
1566 2224 1585 2268 a
1600 2193 1829 2269 Rosenmr'rller

253 2314 423 2389 arbitrario
442 2315 679 2389 subnectuntur
696 2313 822 2388 nomini
838 2313 989 2400 loannis,
1009 2340 1083 2387 cum
1102 2312 1160 2386 illa
1176 2341 1283 2415 neque
1300 2314 1343 2388 ad
1361 2314 1522 2401 Marcum,
1542 2343 1649 2417 neque
1666 2316 1708 2390 ad
1725 2316 1828 2390 loan-

253 2462 328 2509 nem
345 2436 458 2510 relerri
473 2437 613 2537 possint3
633 2434 706 2520 sed,
720 2448 757 2507 ut
774 2447 877 2534 patet,
894 2461 913 2506 a
931 2432 1146 2535 calligrapho,
1162 2433 1228 2519 vel,
1245 2447 1282 2506 ut
1298 2434 1498 2535 probabilius
1516 2435 1653 2520 videtur,
1666 2435 1707 2508 ab
1726 2435 1828 2510 altera

250 2585 352 2630 manu
375 2555 499 2657 adjecta
521 2559 586 2630 sint
609 2557 652 2630 ad
676 2555 763 2629 tituli
784 2535 945 2628 delectum
969 2553 1204 2654 supplendum,
1229 2582 1270 2628 ne
1289 2582 1374 2656 opus
1397 2557 1531 2657 abrupte
1554 2557 1721 2658 inciperet.
1746 2558 1828 2643 Ouae

251 2693 435 2779 sequuntur
449 2679 518 2751 sine
531 2678 599 2750 ulla
618 2676 743 2748 ratione
764 2675 936 2748 abeodem
954 2674 1181 2750 Rosenmuller
1195 2689 1435 2777 postponuntur
1452 2676 1556 2750 verbis
1575 2705 1590 2750 c
1607 2676 1727 2762 Marco,
1746 2677 1828 2752 dum

251 2798 366 2872 eadem
389 2799 591 2899 precedunt,
615 2797 729 2870 eodem
749 2795 883 2870 arbitrio
903 2795 1019 2870 ductus
1041 2795 1129 2869 idem
1148 2809 1261 2870 auctor
1280 2797 1376 2870 verbo
1397 2795 1477 2871 dicit
1497 2799 1662 2898 praminit
1678 2799 1827 2899 particu-

250 2919 317 2992 lam
334 2935 375 3004 et,
396 2947 468 3020 quae
484 2919 574 2992 deest
590 2919 624 2991 in
642 2918 768 3004 codice,
786 2931 817 2992 et
839 2917 930 3016 cujus
949 2916 1040 2990 nulla
1062 2917 1189 2990 videtur
1204 2918 1386 2991 necessitas.
1404 2919 1516 3019 Neque
1534 2919 1638 3016 magis
1654 2919 1827 3020 probanda

251 3047 299 3113 est
314 3041 482 3114 Assemani
499 3040 617 3128 versio;
637 3054 752 3114 neuter
772 3039 859 3112 enim
879 3037 1105 3111 animadvertit
1122 3067 1292 3140 nunquam
1310 3039 1343 3111 iu
1362 3053 1430 3113 toto
1447 3039 1531 3115 libro
1545 3038 1825 3138 Evangelistarum

251 3161 438 3234 nominibus
453 3161 606 3262 praemitti
623 3160 780 3262 particula
797 3193 847 3260 tr*
859 3188 913 3244 ca,
931 3173 1048 3261 praeter
1062 3159 1151 3232 hunc
1168 3158 1293 3244 locum,
1312 3173 1351 3254 et
1363 3160 1535 3234 lectionem
1552 3164 1606 3258 Δρ
1621 3195 1716 3271 0⁹7⁴
1725 3197 1775 3262 ω..
1786 3203 1826 3224 =

249 3280 385 3354 eMarco
397 3315 407 3355 .·
421 3282 525 3367 Dicit,
540 3295 577 3354 ut
594 3281 686 3356 uertit
703 3280 885 3365 Assemani,
901 3281 951 3354 vel
964 3309 1004 3352 cc
1021 3279 1126 3352 Marco
1138 3279 1261 3365 dictum,
1281 3294 1337 3354 aut
1352 3309 1391 3354 ea
1407 3281 1507 3354 Marci
1519 3281 1611 3370 dicto,
1626 3283 1654 3354 si
1670 3282 1762 3356 alteri
1779 3285 1824 3356 ita

249 3403 422 3476 transferre
440 3402 613 3504 placuerit,
636 3400 799 3474 insolitam
815 3428 900 3486 esse,
919 3415 951 3475 et
968 3429 986 3474 a
1004 3400 1124 3499 linguae
1142 3400 1252 3474 indole
1269 3415 1402 3503 prorsus
1420 3401 1570 3474 alienam.
1590 3401 1670 3485 Quae
1687 3430 1761 3475 cum
1778 3404 1825 3476 ita

248 3523 328 3608 sint,
340 3523 480 3596 arbitror
494 3521 592 3595 allata
610 3522 705 3596 verba
718 3522 899 3622 genuinum
915 3548 1047 3595 sensum
1063 3520 1201 3595 fundere
1219 3522 1246 3594 si
1264 3548 1356 3596 voces
1374 3506 1482 3608 ‚latet
1501 3536 1534 3595 et
1548 3527 1626 3622 ,193³
1641 3550 1700 3623 pro
1717 3523 1824 3598 modis

248 3644 443 3746 imperativis
469 3644 663 3728 habeantur,
692 3644 737 3716 ita
766 3656 801 3715 ut
826 3642 939 3716 eadem
962 3642 1115 3716 vertenda
1137 3653 1271 3716 essent:
1295 3641 1393 3744 Incipe
1414 3643 1571 3716 andam
1588 3643 1741 3744 Evangelii
1760 3650 1825 3746 ejus

247 3765 402 3869 (Christi)
421 3793 461 3838 cv
479 3765 593 3838 Marco.
610 3764 689 3837 Dic:
712 3763 833 3836 lnitium
850 3763 992 3863 evovtgalii
1006 3763 1077 3836 locu
1095 3762 1221 3850 Christi,
1241 3762 1313 3837 Filii
1328 3763 1396 3836 Dei.
1416 3765 1488 3848 Qua
1504 3765 1610 3864 posita
1627 3765 1824 3865 interpreta-

247 3887 351 3972 tione,
371 3885 497 3989 liquido
517 3898 676 3958 constaret
693 3884 844 3986 praedicta
862 3884 958 3958 verba
975 3883 1085 3958 addita
1103 3885 1203 3959 fuisse
1221 3885 1471 3986 acalligraphc,
1492 3901 1529 3958 ac
1546 3885 1679 3958 minime
1699 3886 1741 3959 ad
1756 3887 1824 3960 Ta-

246 4009 327 4082 tiani
345 4009 551 4082 Diatessaron
566 4005 738 4106 pertinere.
755 4006 905 4107 Supponi
921 4005 1017 4078 etiam
1032 4019 1139 4106 potest
1153 4033 1385 4079 amanuensem
1398 4033 1436 4080 ea
1451 4006 1487 4079 in
1501 4007 1648 4105 margine
1662 4008 1823 4108 exempla-

245 4131 291 4202 ris
315 4129 405 4231 quod
431 4127 665 4202 transcribebat
686 4127 862 4212 invenisse,
881 4125 1160 4226 quemadmodum
1185 4128 1219 4199 in
1237 4126 1347 4201 codice
1369 4140 1478 4201 nostro
1498 4125 1662 4202 habentur
1681 4143 1824 4230 quatuor

247 4251 370 4354 priores
389 4249 538 4324 versiculi
555 4249 665 4335 bucae,
686 4261 733 4334 et,
752 4262 789 4321 ut
809 4247 1082 4349 calligraphorum
1099 4247 1293 4348 plerumque
1311 4235 1536 4350 imperitorum
1553 4277 1624 4322 mos
1644 4262 1729 4333 erat,
1750 4263 1821 4322 tex-

244 4372 294 4445 tui
311 4371 495 4444 inseruisse.
511 4372 550 4444 ln
566 4384 705 4471 utraque
719 4367 891 4470 hypothesi
908 4369 970 4441 hoc
989 4368 1111 4442 lactum
1130 4381 1228 4453 asset,
1242 4382 1279 4441 ut
1295 4368 1493 4443 indicaretur
1510 4398 1591 4471 opus
1607 4369 1821 4470 Evangelium

245 4493 427 4577 continere,
442 4490 571 4592 hocque
591 4490 812 4591 incipiendum
830 4521 838 4562 ε
854 4489 976 4561 Initium
995 4488 1149 4590 Evangelii
1162 4487 1234 4562 loru
1252 4487 1377 4575 Clviati,
1397 4487 1469 4562 Filii
1486 4489 1553 4562 Dei.
1573 4491 1642 4564 Hac
1665 4490 1820 4564 methodo

243 4615 407 4715 precipua
427 4611 643 4713 discrepantia
661 4639 679 4684 a
697 4611 811 4684 Zahn⁴
827 4611 978 4684 adnotata
1000 4611 1143 4684 codicem
1161 4611 1250 4683 hunc
1268 4610 1433 4684 arabicum
1455 4611 1541 4690 inter
1560 4625 1592 4685 et
1611 4611 1819 4686 Diatessaron

242 4736 418 4835 syriacum,
437 4733 525 4835 quod
543 4733 598 4806 ille
614 4757 729 4832 nempe
744 4760 764 4804 a
778 4732 876 4805 Marc.
895 4761 922 4818 1,
943 4762 974 4818 r,
991 4730 1156 4806 exordium
1175 4730 1288 4817 ducat,
1306 4759 1371 4805 non
1384 4758 1475 4818 vero,
1489 4732 1573 4806 sicut
1587 4731 1690 4818 istud,
1705 4760 1723 4805 a
1741 4760 1819 4834 pro·

242 4855 319 4956 logo
332 4856 482 4940 loannis,
499 4881 632 4956 prorsus
650 4869 862 4928 evanesceret.

294 4975 431 5052 Sublata
450 4975 511 5050 hac
526 4975 724 5060 differentia,
745 4973 854 5074 putari
877 5001 943 5047 non
961 4972 1057 5047 debet
1074 4974 1160 5046 inter
1176 4987 1351 5074 utrumque
1369 4973 1515 5072 ejusdem
1531 4974 1637 5074 operis
1652 4975 1819 5074 exemplar

280 5257 288 5288 ¹
307 5253 386 5309 Verba
403 5255 571 5330 suprasignata
588 5261 647 5311 orant
662 5253 740 5308 minio
754 5251 900 5325 conscripta.
913 5279 949 5295 -
964 5253 974 5286 ⁸
995 5251 1041 5324 Op.
1055 5251 1095 5306 cit.
1111 5271 1137 5325 p.
1153 5254 1215 5324 ⁹95·
1232 5283 1267 5292 -
1281 5253 1291 5286 ³
1312 5253 1355 5321 Δῤ
1367 5257 1432 5307 erret
1442 5223 1515 5326 plene
1527 5252 1646 5326 scripturn
1658 5269 1704 5325 pro
1717 5245 1763 5310 dd·
1774 5281 1816 5295 —

241 5345 249 5377 ‘
271 5342 317 5420 Op.
330 5347 370 5401 rit.
386 5367 411 5421 p.
427 5348 489 5419 apd.
