4006 6098
538 549 753 616 SANCTUS.
770 547 1030 616 annuemus
1056 547 1434 616 thanmathaeus.
1704 551 1771 616 tos

202 700 337 772 «anima
364 725 435 770 mea
460 699 598 770 llomino
623 713 654 770 et
676 697 1062 797 exultetspiritusmeus
1081 697 1115 768 in
1141 697 1226 783 Deo,
1248 697 1397 769 salvatori
1418 701 1548 768 meru.»
1573 697 1610 768 Er
1630 699 1775 770 iterum:

203 821 369 893 ‹rProtesit
391 818 489 891 lsrael
510 845 636 890 servum
660 845 771 902 suurn,
791 819 976 898 recordatus
1002 818 1228 889 misericordia
1251 845 1326 890 sure.
1349 818 1439 890 Sicut
1463 818 1608 916 promisit
1630 819 1776 918 patribus

205 940 540 1026 «nostrimhbraham
556 954 589 1012 et
602 940 805 1039 seminiojus
818 941 852 1011 in
865 940 982 1011 sarcula
992 943 1042 1008 tn
1390 945 1394 952 '

257 1117 297 1189 ll.
325 1116 420 1189 Vides
439 1116 603 1216 quomodo
616 1115 870 1216 patriarcharum
887 1116 1119 1216 perfectionem
1140 1089 1337 1216 superaverit
1354 1131 1462 1188 sancta
1476 1117 1590 1216 Virgo,
1607 1103 1778 1190 confirma·

205 1239 350 1337 seritque
366 1250 595 1310 testamentum
610 1236 652 1308 ad
666 1234 827 1308 Abraham
845 1237 967 1308 lactum
980 1237 1014 1308 in
1032 1265 1098 1336 quo
1115 1237 1237 1307 dixerat
1249 1238 1336 1308 Deus
1351 1265 1358 1304 :
1374 1237 1468 1309 «Hoc
1487 1253 1534 1309 ost
1549 1251 1777 1312 testamentum

207 1385 341 1432 ameum
359 1358 447 1458 quod
464 1359 615 1430 interme
634 1371 666 1429 et
683 1361 795 1430 rosh»
809 1357 885 1430 ldeo
899 1357 1029 1430 veniens
1043 1358 1129 1430 Deus
1147 1358 1318 1430 confirmat
1335 1383 1429 1430 suum
1446 1358 1488 1429 ad
1499 1357 1661 1431 Abraham
1682 1374 1779 1432 testa-

206 1493 368 1564 mentum,
380 1479 548 1580 mysticum
568 1477 819 1551 circumcisionis
836 1480 965 1578 signum
984 1479 1171 1581 suscipiens.
1187 1477 1238 1552 Ob
1254 1480 1321 1551 baec
1337 1479 1446 1578 igitur,
1460 1481 1684 1580 propheticum
1699 1511 1777 1554 can-

207 1603 306 1674 ticum
325 1605 433 1672 sancta
451 1600 547 1697 Virgo
563 1600 632 1672 Deo
650 1599 863 1684 retribuebat,
884 1600 1014 1672 dicens:
1035 1599 1247 1698 «Magnificat
1262 1602 1371 1672 anima
1394 1627 1464 1672 mea
1486 1602 1722 1686 Dornioun1⁴,n
1747 1619 1779 1674 et

208 1722 332 1823 reliqua
350 1749 422 1822 quae
443 1720 653 1820 explicantur.
675 1722 847 1820 Deiparam
867 1722 989 1821 quippe
1013 1748 1065 1793 me
1085 1721 1221 1806 faciens,
1243 1723 1377 1793 vicissim
1399 1749 1450 1793 me
1470 1724 1666 1795 conservavit
1682 1725 1780 1822 virgi-

207 1871 299 1926 nem,
315 1857 361 1926 et,
379 1869 439 1942 per
452 1869 560 1914 meum
576 1855 737 1926 ventrem,
752 1855 941 1914 cunctarum
959 1843 1205 1940 generationum
1220 1843 1260 1915 ad
1273 1843 1475 1915 sanctitatem
1488 1857 1656 1915 revocatur
1670 1843 1778 1943 ploni-

208 1963 305 2048 tudo,
325 1989 401 2034 nam
422 1961 556 2034 cuilibet
577 1961 741 2034 benedixit
760 1963 845 2034 aetati
869 1963 970 2047 Deus,
984 1963 1127 2036 virorum
1144 1989 1180 2034 ac
1200 1963 1391 2047 mulierum,
1412 1963 1726 2036 adolescentulorum
1748 1979 1780 2037 et

209 2111 334 2156 senum.
349 2083 462 2154 «Fecit
479 2082 664 2154 firmitatem
682 2083 716 2153 in
734 2082 867 2155 brachio
885 2088 989 2155 suo⁵n
1007 2111 1066 2183 pro
1090 2084 1198 2162 nobis,
1217 2084 1369 2156 adversus
1384 2099 1519 2155 mortem
1539 2097 1570 2154 et
1586 2085 1779 2169 Diabolum,

210 2217 422 2304 nostrumque
439 2217 642 2303 peccatorum
663 2202 800 2303 disrupit
819 2203 1083 2305 chirographum.

163 2465 170 2478 ‚
262 2400 317 2472 lll.
346 2399 529 2499 «Dispersit
543 2399 743 2499 superbos,n
756 2425 831 2472 cum
848 2399 997 2501 reliquis,
1017 2415 1151 2474 amente
1169 2401 1275 2474 cordis
1288 2402 1395 2474 suit.»
1412 2402 1568 2501 Dispersit
1583 2401 1689 2502 (155)
1709 2405 1783 2476 Dia·

209 2521 323 2596 bolum
344 2533 376 2594 et
401 2547 475 2594 cum
500 2547 538 2594 eo
562 2520 748 2596 demonum
773 2521 952 2621 principes,
971 2547 1046 2594 nam
1072 2520 1127 2594 ille
1150 2535 1197 2596 est
1217 2549 1289 2594 rere
1307 2523 1467 2624 superbus
1492 2523 1604 2608 corde,
1625 2525 1780 2624 quoniam

211 2670 308 2718 ausus
326 2655 374 2715 est
390 2642 498 2716 dicere
521 2642 680 2742 :rrSupra
697 2643 801 2716 nubes
822 2643 976 2716 carlorum
999 2669 1120 2742 ponam
1142 2643 1261 2716 solium
1279 2671 1406 2728 meum,
1427 2657 1458 2716 et
1481 2671 1536 2716 ero
1557 2645 1670 2718 similis
1685 2645 1783 2717 Altis-

211 2765 348 2838 simut»
375 2763 494 2863 Verum
518 2777 595 2838 tunc
620 2765 787 2864 dissiparit
812 2792 888 2837 eum
915 2779 951 2837 ut
976 2791 1013 2838 ex
1035 2763 1087 2836 his
1111 2792 1184 2865 quae
1209 2779 1392 2865 sequuntur
1420 2767 1563 2839 ostendit
1588 2767 1780 2867 Propheta:

212 2886 328 2959 rNunc
354 2886 390 2958 in
414 2885 578 2958 internum
602 2885 821 2960 descendes⁸a
844 2913 918 2958 cum
943 2885 1067 2958 cunctis
1090 2886 1281 2960 exercitibus
1305 2887 1379 2959 tuis.
1400 2885 1528 2987 Ubique
1552 2889 1639 2960 enirn
1661 2903 1784 2961 aras'et

211 3035 331 3084 vanum
358 3006 481 3081 cultum
503 3005 656 3105 dispersit
678 3006 764 3078 Deus
787 3005 1014 3105 populumque
1041 3005 1103 3076 sibi
1127 3005 1325 3102 peculiarem
1349 3033 1386 3077 ex
1413 3008 1565 3104 gentibus
1593 3011 1782 3082 ellormavit.

211 3127 395 3227 «Deposuit
411 3127 510 3200 sortes
528 3153 545 3199 e
568 3126 694 3198 thronis
713 3139 746 3198 et
763 3125 910 3199 exaltarit
927 3125 1123 3198 humiles⁹.n
1142 3125 1272 3198 ludaeos
1290 3126 1482 3224 rejiciendos
1500 3129 1708 3227 Gentilesque
1729 3133 1783 3202 in-

213 3247 429 3320 troducendos
447 3249 516 3321 lore
538 3247 679 3322 breviter
696 3248 815 3320 innuit.
839 3247 1026 3319 ludaeorum
1045 3247 1133 3319 enim
1157 3246 1317 3331 seniores,
1335 3247 1446 3319 scribe
1464 3249 1558 3346 Legis
1581 3263 1613 3322 et
1632 3251 1689 3350 qui
1712 3251 1784 3322 aliis

213 3368 355 3471 paternis
375 3367 562 3466 gaudebant
585 3367 829 3453 traditionibus,
850 3395 888 3441 eo
908 3367 996 3469 quod
1014 3367 1114 3451 clare,
1139 3379 1250 3440 contra
1275 3368 1411 3466 Legem,
1433 3368 1553 3440 divitiis
1572 3384 1603 3443 et
1625 3383 1783 3469 potestate

213 3489 345 3566 inutiles
373 3490 448 3564 lacti
474 3502 582 3576 erant,
607 3489 683 3562 hinc
710 3516 766 3562 cos
790 3489 917 3590 pudore
944 3487 1148 3562 confundens
1175 3517 1193 3560 e
1222 3489 1409 3589 prophetia,
1437 3503 1578 3590 paterna.
1599 3493 1781 3590 majestate,

213 3612 391 3695 sacrificiis,
405 3610 611 3683 festivitatum
626 3624 801 3695 concentu,
818 3612 973 3711 regioque
989 3612 1113 3684 honore
1128 3609 1288 3712 deposuit.
1305 3610 1346 3682 lli
1359 3637 1456 3710 porro
1471 3611 1622 3684 omnibus
1637 3613 1782 3712 spoliati,

214 3733 249 3805 in
267 3732 481 3833 captivitatem
505 3731 586 3804 nudi
603 3759 640 3805 ac
665 3732 794 3832 profugi
821 3733 1012 3805 missisunt.
1033 3731 1196 3816 Humiles,
1214 3732 1288 3831 qui,
1307 3758 1418 3803 eorum
1436 3731 1523 3816 loco,
1538 3733 1667 3806 exaltati
1691 3749 1782 3817 sunt,

214 3853 238 3925 ii
253 3868 329 3925 sunt
346 3853 402 3954 qui
420 3879 456 3924 ex
472 3852 624 3949 gentibus
640 3866 813 3938 venerunt,
824 3852 982 3952 justitiam
1000 3853 1233 3924 esurientes...
1255 3851 1313 3924 llis
1329 3852 1440 3952 paucis
1453 3851 1569 3926 cantici
1586 3854 1691 3927 verbis
1709 3835 1785 3926 uiri-

216 4001 345 4080 versqm
364 3975 549 4046 oeconomiae
567 3975 755 4072 mysterium
772 3973 1057 4073 comprehenditur
1072 3973 1222 4072 clareque
1242 3972 1336 4045 nobis
1355 3987 1535 4047 enarratur.

265 4093 319 4166 lV.
348 4094 524 4194 Propterea
542 4121 657 4195 corpus
674 4107 705 4167 et
719 4095 883 4168 hominem
901 4096 1078 4196 perlectum
1095 4122 1131 4167 ex
1146 4094 1282 4167 muliere
1298 4107 1473 4194 sanctaque
1485 4094 1609 4194 virgine
1622 4123 1785 4169 assumere

216 4215 369 4314 dignatus
394 4229 441 4288 est
468 4216 555 4288 Deus
577 4215 731 4288 Verbum.
748 4216 912 4316 Natusque
938 4229 986 4288 est
1013 4229 1049 4288 ut
1072 4216 1188 4300 homo,
1214 4229 1321 4287 nostra
1346 4214 1455 4288 debita
1480 4216 1662 4300 soluturus,
1686 4231 1785 4289 testa-

216 4351 428 4437 mentumque
444 4350 533 4410 retus
551 4363 624 4408 cum
639 4336 825 4408 Abrahamo
842 4337 1082 4409 circumcisione
1100 4337 1263 4436 signatum
1283 4335 1411 4436 aliaque
1429 4337 1545 4434 legalia
1564 4365 1624 4436 per
1638 4338 1786 4411 ordinem

216 4471 374 4559 precepta
393 4458 578 4558 expleturus
596 4473 653 4530 est.
674 4455 750 4529 Post
765 4457 832 4529 haec
845 4485 959 4557 porro,
978 4455 1133 4532 Nazareth
1151 4486 1224 4529 cum
1239 4457 1348 4557 palam
1363 4457 1537 4530 habitasset
1550 4472 1658 4531 sancta
1674 4459 1786 4556 Virgo,

217 4561 293 4672 inde
312 4579 502 4652 bethlehem
521 4578 693 4651 ascendere
714 4577 849 4650 casaris
867 4577 971 4650 edicto
995 4593 1103 4652 coacta
1121 4593 1182 4663 est,
1203 4606 1278 4651 uam
1297 4576 1435 4650 oriunda
1453 4606 1488 4650 er
1507 4580 1595 4677 regia
1614 4579 1735 4651 familia
1753 4581 1789 4672 in

218 4701 339 4800 regiam
359 4701 492 4772 Doridis
509 4699 664 4801 patriam,
684 4726 758 4772 curn
774 4699 930 4800 losepbo,
950 4699 1011 4773 sibi
1029 4700 1222 4800 desponsato
1238 4701 1322 4783 viro,
1342 4701 1438 4772 missa
1457 4713 1520 4784 cst,
1537 4699 1648 4799 ibique
1666 4715 1788 4799 myste-

219 4821 319 4905 rium,
345 4821 434 4921 quod
457 4821 566 4894 omnia
594 4820 743 4920 mysteria
767 4834 913 4921 superat,
935 4835 1103 4921 peractum
1126 4835 1184 4893 est.
1203 4821 1300 4919 Virgo
1323 4819 1410 4892 enim
1435 4812 1561 4921 peperit
1584 4833 1616 4892 et
1640 4821 1790 4894 manibus

199 5003 202 5010 .
220 4944 354 5036 gestavit
367 4942 466 5027 illud,
481 4943 570 5044 quod
588 4969 700 5015 omnes
718 4955 881 5014 creaturas
899 4955 1023 5014 natura
1041 4943 1200 5043 possidet,
1219 4940 1371 5013 Verbum.

271 5062 308 5134 V.
339 5064 473 5165 «Neque
493 5079 561 5138 erat
574 5063 664 5136 locus
679 5063 713 5135 in
729 5062 974 5134 diversorio¹⁰.n
993 5063 1086 5135 Lacte
1102 5059 1234 5164 (Virgo)
1247 5061 1399 5162 pascebat
1413 5089 1486 5133 eum
1504 5063 1561 5161 qui
1574 5089 1669 5136 omne
1685 5064 1790 5136 vivum

259 5241 267 5270 ¹
287 5236 347 5292 Luc.
364 5256 385 5302 r,
405 5241 452 5303 hb,
476 5242 518 5312 ²¹7·
539 5271 576 5282 ·—
595 5245 604 5274 ¹
621 5239 681 5294 lbid.
702 5240 751 5302 55,
770 5239 813 5292 56.
833 5269 871 5278 -
886 5241 897 5272 ³
913 5237 972 5292 Gerr.
992 5258 1053 5302 rrn,
1071 5237 1260 5293 rr.—⁴err.
1275 5235 1496 5300 1,to.-⁵ttt‹t.
1516 5259 1537 5304 r,
1554 5238 1791 5294 51.-⁴tttd.-

222 5327 303 5386 ⁷12at.
319 5351 365 5394 xrs,
383 5333 425 5385 rh.
439 5365 474 5372 -
487 5337 497 5365 ⁸
510 5331 570 5386 lhid.
588 5337 629 5388 15.
640 5365 677 5374 -
690 5337 699 5367 ⁰
714 5333 773 5386 Luc.
785 5351 807 5395 1,
824 5335 868 5387 ba.
879 5363 913 5372 --
932 5329 1019 5386 ¹⁰1ttd.
1033 5352 1064 5397 u,
1083 5353 1107 5405 7.

1591 5467 1638 5518 ab.
