3980 6084
260 554 327 622 tlt
611 550 784 618 vtvnuu
811 551 1211 622 ANTENICAENORUM
1237 553 1476 621 tnnuucvt.

257 699 401 804 periculo
426 700 577 772 destituta
596 727 662 772 non
683 700 726 773 sit
749 727 832 773 esca.
852 700 988 773 Mariam
1013 713 1139 786 autem,
1158 731 1231 803 quas
1256 703 1313 775 viri
1336 729 1543 800 congressum
1565 730 1658 803 pessa
1681 719 1830 786 nonest,

256 851 326 896 esse
342 823 400 896 Dei
425 835 562 894 matrem
583 821 724 896 ostendit
740 823 922 920 virginitas,
941 823 968 894 si
989 824 1137 925 quidem,
1153 825 1369 924 generationis
1386 824 1513 923 legibus
1529 825 1570 896 ab
1591 825 1831 900 adolescentula

257 943 449 1027 immutatis,
469 969 587 1016 novum
607 956 639 1014 ct
656 957 742 1016 extra
763 944 938 1016 mulierum
962 972 1067 1017 moros
1081 958 1212 1045 partum
1230 959 1358 1045 experta
1376 958 1439 1029 est,
1461 972 1534 1018 cum
1558 945 1614 1046 qui
1634 947 1775 1018 nascitur
1789 947 1832 1018 sit

257 1065 344 1137 Deus
363 1077 394 1136 et
411 1064 466 1136 illa
486 1092 557 1163 quae
575 1063 659 1164 parit
677 1065 765 1162 virgo
784 1079 960 1138 remaneat.
978 1065 1095 1149 Porro,
1115 1067 1204 1165 quod
1222 1064 1309 1138 credi
1326 1067 1375 1138 vir
1392 1067 1565 1166 potuisset,
1581 1093 1715 1166 nempe,
1732 1067 1831 1163 virgi-

257 1213 331 1258 nem
353 1186 423 1258 lieri
446 1198 599 1269 matrem,
621 1185 804 1258 testimonio
831 1186 920 1258 omni
945 1185 1130 1285 exceptione
1154 1187 1270 1286 majori
1295 1175 1545 1260 demonstretur.
1567 1187 1654 1260 Deus
1671 1201 1719 1260 est
1741 1189 1828 1260 enim

256 1306 311 1379 ille
338 1307 395 1407 qui
420 1307 572 1391 nascitur,
598 1306 822 1406 virginemque
844 1307 1144 1412 comitaturnDeus,
1169 1308 1247 1380 dum
1276 1307 1429 1408 parvulus
1451 1322 1514 1392 est,
1533 1335 1605 1381 eam
1629 1323 1666 1382 ut
1690 1323 1827 1381 matrem

257 1427 366 1500 dicens
387 1442 418 1500 et
442 1441 571 1500 testans.
592 1428 638 1499 lta
661 1429 757 1500 etiarn
776 1443 918 1527 gestatus
946 1429 1070 1500 homini
1094 1440 1126 1502 ct
1147 1429 1276 1502 mulieri
1301 1456 1318 1500 a
1344 1429 1411 1502 viro
1432 1428 1658 1528 non'cognitae
1682 1457 1827 1502 summos

258 1549 328 1620 coeli
345 1549 485 1622 honores
501 1547 666 1622 delerchst
680 1549 779 1622 Deus.

1024 1782 1059 1854 11

595 1954 647 2015 EX
667 1953 863 2017 uelsvonn
883 1954 936 2015 An
957 1954 1178 2017 EPISCOPOS
1198 1954 1493 2017 CONPESSORES.

306 2137 378 2208 lam
407 2135 643 2236 triumphastis,
666 2164 740 2208 curn
765 2137 931 2210 Salvatore
955 2137 1130 2237 patientes,
1149 2138 1220 2236 ejus
1243 2148 1478 2209 tormentorum
1508 2136 1680 2236 participes
1704 2136 1827 2219 effecti,

256 2285 330 2330 eum
349 2257 468 2330 Filium
487 2257 545 2330 Dei
568 2285 638 2330 esse
662 2257 819 2331 scientes:
839 2257 927 2332 Patri
950 2258 1105 2342 similem,
1131 2284 1259 2358 semper
1284 2283 1358 2328 cum
1383 2257 1478 2330 Patre
1495 2253 1608 2359 (215)
1625 2271 1828 2340 manentem,

255 2378 428 2450 visibilium
453 2391 486 2451 et
509 2378 719 2452 invisibilium
747 2405 877 2451 causam
902 2379 1105 2462 existentem,
1124 2379 1158 2450 in
1182 2379 1248 2451 fine
1272 2392 1472 2480 temporum,
1498 2377 1663 2452 hominem
1688 2378 1827 2461 lactum,

255 2499 424 2601 crucisque
440 2526 500 2599 pro
520 2499 670 2572 omnihus
686 2499 951 2598 generationibus
968 2499 1097 2573 dolores
1109 2526 1310 2601 perpessum.

1014 2767 1069 2839 111

309 2961 374 3046 Qui
391 2988 504 3062 passus
527 2976 590 3046 est,
609 2961 696 3035 Deus
714 2977 808 3036 estet
826 2963 851 3036 F
852 2962 926 3036 ilius
942 2963 1018 3049 Dei,
1034 2963 1108 3064 qui,
1126 2964 1160 3036 in
1178 2978 1268 3037 utero
1284 2963 1424 3064 Virginis
1440 2976 1656 3037 commoratus
1673 2975 1705 3036 et
1721 2963 1829 3035 incor-

257 3097 368 3168 natus,
382 3083 602 3157 infirmitatem
618 3097 761 3157 nostram
779 3084 901 3170 induit,
920 3099 957 3158 ut
973 3085 1016 3158 ad
1034 3113 1071 3158 ea
1087 3113 1159 3187 quac
1178 3086 1265 3160 evim
1283 3086 1495 3186 patiuntur¹s
1513 3085 1748 3185 perveniamus.

993 3577 1095 3669 xxt

658 3819 866 3892 ANCYRAE
901 3817 1125 3891 CONClLll
1160 3808 1423 3890 CANONES'R

309 4083 427 4154 lterum
446 4107 585 4153 canones
603 4077 716 4178 viginti
733 4091 886 4179 quatuor,
905 4077 978 4178 qui,
996 4077 1130 4176 Ancyrae
1147 4076 1181 4149 in
1197 4075 1338 4162 Galatia,
1358 4075 1480 4149 conditi
1502 4075 1635 4150 luerunt
1657 4103 1675 4150 n
1693 4075 1824 4176 Synodo

255 4202 298 4276 ihi
316 4203 468 4274 adunata.
485 4202 632 4273 Canones
649 4199 701 4272 isti
715 4199 851 4271 Nicaeuis
871 4199 1050 4271 canonibus
1064 4197 1188 4298 priores
1206 4212 1282 4271 sunt
1299 4212 1454 4297 tempore.
1469 4199 1526 4281 At,
1542 4211 1674 4298 propter
1689 4196 1827 4270 auctori-

253 4338 352 4398 tatem
378 4351 504 4422 mognae
527 4337 710 4422 sanctaeqoc
728 4320 852 4420 Synodi
870 4319 1022 4405 Nicone,
1041 4321 1147 4421 primo
1167 4320 1237 4393 loco
1261 4319 1412 4419 descripti
1434 4333 1511 4392 suut
1533 4319 1653 4392 Nicaeni
1673 4345 1824 4392 canonos.

253 4445 302 4518 En
327 4445 460 4517 nomina
487 4443 712 4544 episcoporum
735 4442 848 4541 quiin
872 4441 1004 4540 Ancyrae
1021 4440 1153 4540 Synodo
1182 4441 1316 4514 adunati
1339 4453 1414 4514 sunt
1441 4471 1449 4512 :
1474 4441 1609 4513 Vitalius
1632 4437 1825 4523 Antiochice,

253 4566 425 4638 Marcellus
442 4567 591 4664 Ancym,
606 4561 794 4660 Agricolafis
816 4565 985 4648 Caesares,
1003 4563 1114 4664 Lupus
1135 4563 1242 4647 Tarsi,
1261 4562 1399 4634 Basilius
1418 4563 1569 4645 Amasis,
1589 4560 1824 4661 Philadelphus

253 4685 490 4788 Heliopolcos³,
509 4684 696 4756 Eustuthius
709 4684 920 4768 Nicomedis,
935 4683 1103 4764 Heraclius
1122 4681 1253 4766 Zoloni,
1272 4683 1386 4756 Pctrus
1403 4682 1521 4766 leonii,
1539 4681 1725 4754 Nunechius
1743 4681 1827 4752 Lao-

253 4808 368 4892 diccae,
394 4807 572 4904 Sergianus
599 4805 776 4879 Antiochiae
800 4804 834 4876 iu
862 4805 1000 4890 Pisidia,
1026 4803 1231 4906 Epiraoriust
1259 4803 1385 4901 Pergae,
1415 4803 1579 4876 Narcissus
1605 4800 1825 4876 Neroniadis⁵.

293 5041 300 5074 ¹
321 5037 407 5094 Movet.
424 5059 461 5102 xv,
478 5057 518 5094 vs.
537 5071 574 5080 -
589 5039 600 5072 ¹
617 5035 661 5092 cn·
678 5035 788 5112 Philipp.
803 5035 895 5092 labbei
911 5033 1001 5090 Sum·
1076 5033 1219 5090 Euctotbivu
1234 5033 1383 5090 ll'icomcdioe.
1395 5035 1451 5074 —l
1471 5031 1705 5107 LatineEpidouruc
1720 5029 1826 5087 Pisidia.

254 5143 339 5186 cuncto
355 5131 473 5196 Concilio,
489 5133 511 5196 l,
523 5133 569 5187 col.
591 5131 829 5204 vt5s¹t78‚ett.
844 5131 914 5205 nupt
927 5127 1001 5184 Card.
1077 5161 1114 5171 -
1137 5133 1147 5164 ⁵
1169 5129 1213 5187 Clr
1232 5129 1340 5203 Philipp.
1362 5125 1455 5182 tabbci
1482 5127 1642 5181 Semuncla
1660 5125 1777 5190 concilim
1801 5127 1824 5189 l,

256 5227 323 5281 Pitnr
339 5225 406 5280 luris
422 5225 574 5280 ccclm'ostv'ci
586 5224 726 5280 Graeeorrvov
740 5223 864 5276 tiendum
879 5231 902 5276 ct
918 5240 1004 5276 mu·
1078 5221 1123 5278 ool.
1133 5223 1213 5296 vh75.
1223 5223 1313 5295 lnsyra
1324 5220 1433 5276 editione
1446 5222 1597 5276 omittuntur
1610 5219 1743 5296 posteriorc
1754 5219 1827 5293 quin-

257 5330 347 5384 mouc,
366 5319 390 5382 l,
409 5320 538 5375 uto-uso.
558 5349 595 5358 -
611 5321 621 5352 ³
637 5316 724 5372 tauns
739 5315 893 5388 Jvlv'opotcor.
908 5314 1004 5372 Deinde
1079 5334 1129 5390 que
1144 5317 1244 5372 nomino
1255 5315 1337 5372 latinu
1345 5314 1431 5371 serici.
1697 5307 1704 5324 ⁸
