4006 6098
232 544 300 610 tot
577 539 753 608 struunt
784 539 1183 608 tnvuntcmnotvutt
1217 539 1454 608 iniuncti.

231 692 335 765 nutrit
355 705 387 763 et
405 690 549 761 vivificat.
572 689 691 762 Fasciis
714 688 888 761 involvitur
907 688 964 788 qui
980 687 1078 761 verbo
1104 713 1216 760 omnes
1241 687 1374 761 revincit
1395 700 1569 760 creaturas.
1590 687 1627 760 ln
1644 687 1799 788 praesepio

227 815 313 911 jacet
338 814 393 912 qui
417 838 514 910 supra
540 811 574 882 in
599 808 771 882 cherubico
790 808 881 882 sedet
906 809 1034 882 throno.
1054 809 1121 880 Lux
1145 808 1185 882 de
1207 808 1293 882 coelis
1311 809 1432 882 circum
1450 807 1629 910 (fulgebat)
1648 835 1722 882 eum
1744 809 1800 910 qui

231 961 342 1006 omnes
368 946 527 1004 creaturas
554 931 733 1014 illuminat,
762 957 904 1030 cumque
932 930 1109 1002 laudabant
1133 929 1288 1002 exercitus
1310 930 1475 1003 coelorum.
1500 928 1673 1030 Lampadio
1690 928 1799 1031 (156)

229 1057 331 1126 instar
347 1054 438 1127 stella
462 1065 532 1124 erat
554 1066 585 1123 et
603 1051 759 1124 excitabat
778 1051 850 1123 illos
867 1052 923 1151 qui
941 1052 1127 1123 exorientis
1144 1051 1291 1152 partibus
1305 1050 1452 1124 ludaeam
1471 1064 1645 1135 venerunt,
1663 1077 1799 1123 munera

229 1175 409 1247 deierantes
425 1173 472 1244 illi
491 1174 548 1272 qui
561 1201 620 1274 pro
639 1172 733 1245 nobis
750 1198 876 1272 pauper
891 1172 994 1244 lactus
1009 1185 1068 1243 est.

281 1295 343 1366 Per
367 1307 416 1379 te,
435 1321 480 1365 no
499 1295 602 1390 gratia
619 1291 758 1393 plena,n
784 1307 893 1365 sancta
910 1292 1050 1365 Trinitas
1073 1291 1288 1390 glorificatur!
1304 1291 1424 1364 'l'ecum
1443 1304 1474 1364 et
1490 1318 1548 1365 nos
1568 1291 1702 1391 dignare
1720 1319 1799 1394 per-

227 1419 316 1490 lectae
334 1431 397 1490 tuae
421 1417 532 1516 gratim
549 1417 722 1518 participes
748 1415 873 1488 efficere
890 1416 924 1488 in
949 1415 1077 1488 Christo
1102 1415 1178 1488 Jesu
1203 1414 1343 1488 Domino
1367 1427 1494 1499 nostro;
1520 1442 1616 1516 quem
1642 1413 1796 1486 simulac

228 1539 355 1611 Patrem
371 1551 402 1610 et
416 1539 574 1638 Spiritum
589 1539 744 1610 Sanctum
764 1537 878 1610 decent
892 1536 1011 1634 gloria,
1030 1550 1172 1638 potestas
1185 1549 1217 1608 et
1234 1536 1349 1620 honor,
1369 1563 1456 1608 nunc
1473 1551 1505 1608 et
1519 1562 1657 1635 semper.

987 1808 1036 1880 vt

444 1981 545 2044 taus
566 1982 728 2044 SANCTAE
749 1980 936 2042 DEIPARAE
958 1981 1007 2041 ΕΤ
1030 1979 1189 2042 SEMPER
1209 1979 1387 2042 vtncttvts
1408 1977 1575 2044 Mautmt

276 2163 301 2235 l.
331 2163 435 2236 Hodie
457 2163 505 2235 sol
519 2163 651 2262 justitie
679 2161 814 2234 illucens
833 2189 905 2262 quae
921 2162 1010 2262 prius
1033 2160 1202 2258 fulgebant
1226 2161 1410 2235 occultavit!
1429 2163 1456 2234 Α
1475 2162 1616 2237 tenebris
1638 2162 1793 2236 liberatus

223 2283 329 2356 lucem
344 2283 503 2356 sustinere
527 2310 594 2356 non
617 2282 719 2354 valeo.
738 2282 818 2355 Octa
835 2283 914 2354 mihi
934 2296 980 2355 est
998 2283 1115 2355 iterum
1137 2282 1207 2366 lux,
1227 2295 1258 2354 et
1279 2283 1394 2355 timore
1413 2283 1598 2356 conturbor.
1617 2283 1665 2356 De
1683 2311 1793 2358 recens

222 2419 298 2478 nato
318 2404 416 2477 simul
437 2404 529 2476 laetor
552 2418 583 2476 et
608 2405 743 2476 terreor.
761 2403 847 2476 Fons
873 2430 975 2477 novos
996 2403 1121 2505 prodit,
1142 2403 1199 2476 sed
1219 2403 1309 2504 prior
1332 2431 1460 2476 sursum
1487 2406 1631 2504 fugatur.
1651 2405 1793 2478 Puerum
1836 2461 1844 2474 .

221 2525 288 2597 ridi
307 2539 420 2597 natum
441 2526 601 2625 coelosque
622 2524 794 2597 inclinatos
814 2538 851 2598 ut
871 2551 945 2597 eum
964 2525 1110 2598 adorent.
1132 2524 1237 2598 Mater
1254 2525 1337 2626 parit
1359 2540 1391 2598 et
1407 2527 1495 2624 virgo
1515 2540 1639 2611 maoet3
1657 2554 1739 2627 puer
1758 2553 1792 2599 se

221 2645 378 2729 occultat,
394 2659 523 2747 partum
539 2673 613 2720 vcro
628 2659 660 2718 et
671 2647 860 2744 genitricem
873 2659 1048 2728 monstrat;
1068 2647 1205 2743 genitrix
1221 2673 1286 2718 non
1304 2645 1404 2719 habet
1418 2647 1541 2732 virum,
1554 2646 1707 2748 filiusque
1724 2673 1791 2719 non

220 2767 320 2840 hahet
337 2780 481 2867 patrem:
504 2767 641 2840 salvator
661 2767 813 2852 nascitur,
832 2781 864 2840 et
885 2767 975 2839 stella
994 2767 1171 2852 revelatum
1192 2767 1296 2839 lesciis
1312 2767 1492 2839 obvolvitur
1508 2793 1591 2867 puer
1606 2767 1664 2868 qui
1681 2768 1790 2840 omnia

221 2888 317 2986 ligat,
343 2888 378 2960 in
410 2887 566 2988 praesepio
593 2889 728 2988 ponitur
752 2888 804 2960 cui
827 2887 1003 2960 Cherubim
1031 2887 1166 2961 thronus
1187 2902 1277 2972 sunt;
1304 2913 1412 2959 coram
1437 2887 1631 2960 animalibus
1656 2889 1790 2962 reclinat

221 3009 313 3107 cujus
330 3009 363 3080 iu
387 3022 561 3108 conspectu
584 3006 756 3108 Seraphim
780 3008 882 3080 vivere
905 3035 970 3082 non
997 3008 1120 3093 valent;
1140 3008 1193 3080 lux
1210 3007 1402 3092 ostenditur,
1430 3007 1590 3080 mirabilia
1616 3022 1787 3092 canuntur,

219 3128 330 3226 angeli
351 3129 535 3214 mittuntur,
559 3142 703 3228 pastores
731 3131 922 3230 prophetam
951 3130 1128 3231 accipiunt,
1149 3128 1364 3226 Magi-Deum
1394 3128 1586 3229 predicant,
1610 3129 1788 3202 sacerdotes

218 3249 414 3350 impugnant
430 3251 552 3334 Deum,
570 3249 717 3322 Herodes
731 3249 912 3334 cohibetur,
927 3277 1013 3323 mors
1031 3250 1218 3334 conteritur,
1233 3250 1376 3322 videmus
1393 3250 1537 3334 solvitur,
1549 3251 1695 3322 inlernus
1708 3250 1789 3350 liga-'

219 3385 284 3455 tur,
307 3372 371 3444 Eva
396 3369 548 3453 salvatur,
570 3397 703 3470 serpens
727 3369 940 3456 maledicitur,
965 3371 1080 3471 captivi
1101 3370 1251 3444 libertate
1274 3371 1449 3456 donantur,
1476 3371 1699 3471 Diabolusque
1719 3387 1789 3445 tor-

219 3505 348 3591 quetur.
369 3492 432 3564 Lac
453 3491 541 3588 sugit
561 3518 643 3590 puer
666 3491 722 3591 qui
746 3492 905 3563 nutricem
929 3491 1004 3576 alit;
1024 3493 1057 3562 in
1082 3492 1233 3564 manibus
1253 3492 1398 3564 defertur
1417 3493 1473 3592 qui
1497 3506 1662 3590 gerentem
1686 3493 1785 3590 gerit,

219 3626 344 3684 creator
366 3613 562 3710 agnoscitur,
581 3627 762 3712 naturaque
780 3627 912 3711 stupore
927 3611 1116 3712 percutitur.

270 3788 310 3860 ll.
339 3788 418 3861 lnde
444 3815 504 3888 ego
527 3763 667 3862 tremens
689 3789 830 3862 demiror
852 3789 1039 3890 mysterium
1062 3818 1081 3860 a
1106 3787 1256 3862 Gabriele
1281 3789 1477 3862 nuntiatum.
1504 3789 1553 3862 dd
1575 3787 1712 3862 Mariam
1733 3817 1785 3862 me

218 3907 316 3981 trabit
333 3909 430 3981 timor
447 3923 483 3981 ut
498 3904 613 4012 (mibi)
628 3909 857 4012 interpretetur
873 3910 1072 4011 prodigium.
1090 3909 1195 3993 adve,
1210 3909 1308 4010 plena
1325 3909 1444 4009 gratia,
1461 3909 1619 3983 Dominus
1635 3912 1784 3998 tecumla

215 4029 465 4130 dve,templum
485 4029 545 4104 Dei
563 4034 768 4130 corporeum!
788 4029 899 4136 (157)
921 4032 1026 4115 silve,
1039 4030 1143 4130 gratia
1156 4030 1297 4131 plenas,
1315 4031 1493 4103 coelestium
1511 4029 1671 4131 spicarum
1689 4033 1782 4104 arca!

217 4152 322 4236 calve,
334 4152 432 4251 'plena
449 4153 595 4248 gratian,
613 4153 682 4224 coeli
699 4166 731 4225 et
748 4166 839 4225 terrae
859 4153 1039 4226 communis
1053 4153 1226 4225 habitatio!
1249 4154 1352 4236 sdve,
1367 4151 1463 4252 plena
1480 4151 1626 4251 gratiam
1645 4153 1709 4223 veri
1726 4152 1784 4224 lilii

214 4299 289 4345 vera
307 4286 457 4345 meteret
474 4273 579 4371 virgo!
607 4273 710 4356 advo,
725 4273 820 4374 plena
841 4275 986 4372 gratian,
1002 4274 1155 4378 perennis
1175 4272 1255 4346 lucis
1272 4273 1363 4346 focus
1386 4301 1513 4372 semper
1531 4273 1655 4370 vigens!
1677 4275 1783 4357 «dvc,

215 4393 342 4492 agralia
360 4394 474 4494 plena,
485 4426 501 4462 a
514 4394 641 4493 largum
654 4395 990 4495 incomprehensibilis
1004 4410 1128 4469 naturae
1138 4394 1392 4495 receptaculum!
1412 4393 1514 4480 sdve,
1527 4393 1629 4492 gratia
1641 4392 1782 4494 plena,a

214 4514 302 4586 vidoi
316 4513 429 4586 mundi
444 4507 647 4587 immaculata
660 4543 778 4617 sponsa
793 4530 824 4588 et
835 4517 952 4590 mater!
970 4517 1058 4588 aare
1071 4516 1187 4617 ,plena
1200 4517 1345 4616 gratia,n
1359 4515 1439 4589 lucis
1450 4515 1550 4588 socia!
1569 4514 1783 4615 sdve,plena

214 4629 384 4734 «gratiam
403 4663 475 4735 qum
498 4635 532 4706 in
555 4649 645 4708 utero
669 4651 724 4709 tuo
748 4650 884 4709 mortem
904 4637 1077 4737 jugulasti!
1104 4634 1207 4720 «Ave,
1229 4637 1332 4733 gratia
1358 4636 1498 4738 plena,a
1523 4663 1595 4736 quae
1620 4648 1782 4707 errantem

212 4757 373 4830 mundum
405 4756 445 4828 od
475 4756 639 4830 veritatem
673 4771 759 4830 certo
788 4760 931 4830 revocas!
969 4759 1072 4841 advo,
1094 4755 1196 4854 gratia
1225 4755 1366 4858 plenam
1397 4757 1636 4831 incombustum
1667 4756 1782 4828 mundi

211 4875 380 4949 horreum!

249 5036 256 5066 ¹
276 5033 356 5107 liujus
369 5039 393 5088 et
405 5035 531 5107 sequentis
542 5033 651 5090 nomilia
661 5035 686 5088 io
700 5045 810 5090 sanctam
824 5035 957 5108 Deiparam
1033 5042 1129 5100 rantur,
1150 5053 1179 5090 aa
1198 5035 1251 5099 his,
1264 5054 1326 5111 quas
1341 5053 1407 5090 nunc
1422 5053 1535 5100 enneae,
1551 5033 1632 5109 prims
1645 5033 1710 5096 vice,
1722 5052 1781 5108 pro-

209 5125 306 5180 nullom
314 5127 445 5199 vestigium
453 5127 591 5201 reperimus
601 5128 711 5202 ingraeca
722 5145 824 5202 operum
835 5129 862 5181 S.
873 5125 958 5182 Thau·
1034 5127 1147 5194 ierimm,
1162 5127 1271 5184 homiliis
1287 5127 1367 5203 colligi
1382 5136 1462 5203 potest
1479 5147 1523 5184 cur
1540 5134 1576 5182 tot
1591 5145 1716 5182 sermones
1736 5145 1781 5200 pa·

208 5219 316 5292 maturgi
327 5218 443 5276 editione.
459 5221 522 5275 Cum
538 5220 647 5276 homilia
657 5221 729 5276 tertia
742 5229 766 5275 et
778 5229 879 5294 quarto,
897 5240 958 5296 quas
1033 5223 1140 5297 ncgyn'ci
1165 5224 1191 5277 in
1212 5231 1322 5278 sanctam
1341 5222 1473 5296 Deiparam
1490 5221 1677 5294 Thavrmaturgo
1693 5219 1778 5274 tributi

207 5329 285 5384 gram
301 5331 351 5384 prm
366 5312 481 5366 monibus
496 5312 629 5376 hahemus,
644 5313 675 5366 od
691 5313 750 5367 alios
767 5321 880 5368 auctores
894 5315 959 5368 mle-
1034 5314 1134 5370 luerint.
