<?xml version="1.0" encoding="UTF-8"?>
<!DOCTYPE html PUBLIC "-//W3C//DTD XHTML 1.0 Transitional//EN"
    "http://www.w3.org/TR/xhtml1/DTD/xhtml1-transitional.dtd">
<html xmlns="http://www.w3.org/1999/xhtml" xml:lang="en" lang="en">
 <head>
  <title>
</title>
<meta http-equiv="Content-Type" content="text/html;charset=utf-8" />
  <meta name='ocr-system' content='tesseract 3.04.00' />
  <meta name='ocr-capabilities' content='ocr_page ocr_carea ocr_par ocr_line ocrx_word'/>
</head>
<body>
  <div class='ocr_page' id='page_1' title='image "./analectasacrasp03pitrgoog_0415.png"; bbox 0 0 4006 6098; ppageno 0'>
   <div class='ocr_carea' id='block_1_1' title="bbox 279 509 1498 584">
    <p class='ocr_par' dir='ltr' id='par_1_1' title="bbox 279 509 1498 584">
     <span class='ocr_line' id='line_1_1' title="bbox 279 509 1498 584; baseline -0.007 0"><span class='ocrx_word' id='word_1_1' title='bbox 279 515 346 584; x_wconf 81' lang='lat'>368</span> <span class='ocrx_word' id='word_1_2' title='bbox 626 511 800 580; x_wconf 79' lang='lat' dir='ltr'>PATRUM</span> <span class='ocrx_word' id='word_1_3' title='bbox 830 509 1231 578; x_wconf 79' lang='lat' dir='ltr'>th&#39;l&#39;ENlCAENORUM</span> <span class='ocrx_word' id='word_1_4' title='bbox 1262 511 1498 578; x_wconf 74' lang='lat' dir='ltr'>cultuum.</span> 
     </span>
    </p>
   </div>
   <div class='ocr_carea' id='block_1_2' title="bbox 277 658 1851 881">
    <p class='ocr_par' dir='ltr' id='par_1_2' title="bbox 277 658 1851 881">
     <span class='ocr_line' id='line_1_2' title="bbox 277 658 1851 764; baseline -0.004 -28"><span class='ocrx_word' id='word_1_5' title='bbox 277 662 473 764; x_wconf 87' lang='lat' dir='ltr'>passibilitas</span> <span class='ocrx_word' id='word_1_6' title='bbox 498 662 558 733; x_wconf 91' lang='lat' dir='ltr'>Dei</span> <span class='ocrx_word' id='word_1_7' title='bbox 582 661 767 760; x_wconf 83' lang='lat' dir='ltr'><strong>passionum</strong></span> <span class='ocrx_word' id='word_1_8' title='bbox 796 660 974 760; x_wconf 77' lang='lat' dir='ltr'>increpatio</span> <span class='ocrx_word' id='word_1_9' title='bbox 1003 659 1170 742; x_wconf 83' lang='lat' dir='ltr'>exstiterit,</span> <span class='ocrx_word' id='word_1_10' title='bbox 1192 686 1265 732; x_wconf 88' lang='lat' dir='ltr'>cum</span> <span class='ocrx_word' id='word_1_11' title='bbox 1283 659 1429 732; x_wconf 89' lang='lat' dir='ltr'>videmus</span> <span class='ocrx_word' id='word_1_12' title='bbox 1455 658 1564 732; x_wconf 90' lang='lat' dir='ltr'>oeulos</span> <span class='ocrx_word' id='word_1_13' title='bbox 1587 659 1679 732; x_wconf 84' lang='lat' dir='ltr'>enixe</span> <span class='ocrx_word' id='word_1_14' title='bbox 1707 659 1851 732; x_wconf 89' lang='lat' dir='ltr'>intentos</span> 
     </span>
     <span class='ocr_line' id='line_1_3' title="bbox 279 780 1334 881; baseline -0.007 -24"><span class='ocrx_word' id='word_1_15' title='bbox 279 785 313 857; x_wconf 93' lang='lat' dir='ltr'>in</span> <span class='ocrx_word' id='word_1_16' title='bbox 330 784 430 857; x_wconf 88' lang='lat' dir='ltr'>solem</span> <span class='ocrx_word' id='word_1_17' title='bbox 447 797 483 855; x_wconf 94' lang='lat' dir='ltr'>ut</span> <span class='ocrx_word' id='word_1_18' title='bbox 500 781 608 854; x_wconf 87' lang='lat' dir='ltr'>radios</span> <span class='ocrx_word' id='word_1_19' title='bbox 626 788 809 854; x_wconf 84' lang='lat' dir='ltr'>scrutentur</span> <span class='ocrx_word' id='word_1_20' title='bbox 826 780 1009 881; x_wconf 80' lang='lat' dir='ltr'><strong>passionem</strong></span> <span class='ocrx_word' id='word_1_21' title='bbox 1029 806 1047 852; x_wconf 91' lang='lat' dir='ltr'>a</span> <span class='ocrx_word' id='word_1_22' title='bbox 1066 781 1165 852; x_wconf 90' lang='lat' dir='ltr'>radiis</span> <span class='ocrx_word' id='word_1_23' title='bbox 1178 781 1334 880; x_wconf 86' lang='lat' dir='ltr'>accipere.</span> 
     </span>
    </p>
   </div>
   <div class='ocr_carea' id='block_1_3' title="bbox 278 956 1850 1906">
    <p class='ocr_par' dir='ltr' id='par_1_3' title="bbox 278 956 1850 1906">
     <span class='ocr_line' id='line_1_4' title="bbox 330 956 1850 1062; baseline 0 -30"><span class='ocrx_word' id='word_1_24' title='bbox 330 961 397 1033; x_wconf 88' lang='lat' dir='ltr'>Vll.</span> <span class='ocrx_word' id='word_1_25' title='bbox 427 959 522 1043; x_wconf 89' lang='lat' dir='ltr'>Quod</span> <span class='ocrx_word' id='word_1_26' title='bbox 541 957 711 1034; x_wconf 90' lang='lat' dir='ltr'>ostendere</span> <span class='ocrx_word' id='word_1_27' title='bbox 730 957 865 1030; x_wconf 77' lang='lat' dir='ltr'>nitimur</span> <span class='ocrx_word' id='word_1_28' title='bbox 885 957 947 1030; x_wconf 90' lang='lat' dir='ltr'>hoc</span> <span class='ocrx_word' id='word_1_29' title='bbox 966 971 1028 1042; x_wconf 91' lang='lat' dir='ltr'>est,</span> <span class='ocrx_word' id='word_1_30' title='bbox 1048 958 1153 1030; x_wconf 90' lang='lat' dir='ltr'>Deum</span> <span class='ocrx_word' id='word_1_31' title='bbox 1171 956 1280 1040; x_wconf 89' lang='lat' dir='ltr'>illum,</span> <span class='ocrx_word' id='word_1_32' title='bbox 1300 957 1359 1058; x_wconf 89' lang='lat' dir='ltr'>qui</span> <span class='ocrx_word' id='word_1_33' title='bbox 1375 971 1423 1030; x_wconf 91' lang='lat' dir='ltr'>est</span> <span class='ocrx_word' id='word_1_34' title='bbox 1439 957 1483 1029; x_wconf 90' lang='lat' dir='ltr'>ita</span> <span class='ocrx_word' id='word_1_35' title='bbox 1501 957 1701 1058; x_wconf 88' lang='lat' dir='ltr'>corruptioni</span> <span class='ocrx_word' id='word_1_36' title='bbox 1718 974 1750 1032; x_wconf 92' lang='lat' dir='ltr'>et</span> <span class='ocrx_word' id='word_1_37' title='bbox 1770 987 1850 1062; x_wconf 91' lang='lat' dir='ltr'>pas-</span> 
     </span>
     <span class='ocr_line' id='line_1_5' title="bbox 279 1076 1849 1180; baseline 0 -27"><span class='ocrx_word' id='word_1_38' title='bbox 279 1082 379 1168; x_wconf 89' lang='lat' dir='ltr'>sioni,</span> <span class='ocrx_word' id='word_1_39' title='bbox 395 1081 491 1154; x_wconf 88' lang='lat' dir='ltr'>morti</span> <span class='ocrx_word' id='word_1_40' title='bbox 507 1093 537 1153; x_wconf 88' lang='lat' dir='ltr'>et</span> <span class='ocrx_word' id='word_1_41' title='bbox 554 1078 755 1180; x_wconf 81' lang='lat' dir='ltr'>percussioni</span> <span class='ocrx_word' id='word_1_42' title='bbox 774 1078 905 1152; x_wconf 84' lang='lat' dir='ltr'>cuilibet</span> <span class='ocrx_word' id='word_1_43' title='bbox 923 1079 1081 1180; x_wconf 87' lang='lat' dir='ltr'>superior,</span> <span class='ocrx_word' id='word_1_44' title='bbox 1098 1091 1135 1154; x_wconf 91' lang='lat' dir='ltr'>ut</span> <span class='ocrx_word' id='word_1_45' title='bbox 1151 1105 1263 1150; x_wconf 89' lang='lat' dir='ltr'>omncs</span> <span class='ocrx_word' id='word_1_46' title='bbox 1281 1077 1386 1151; x_wconf 88' lang='lat' dir='ltr'>dicere</span> <span class='ocrx_word' id='word_1_47' title='bbox 1402 1076 1543 1150; x_wconf 88' lang='lat' dir='ltr'>debcant</span> <span class='ocrx_word' id='word_1_48' title='bbox 1555 1106 1630 1152; x_wconf 91' lang='lat' dir='ltr'>eum</span> <span class='ocrx_word' id='word_1_49' title='bbox 1643 1079 1849 1180; x_wconf 84' lang='lat' dir='ltr'>passionibus</span> 
     </span>
     <span class='ocr_line' id='line_1_6' title="bbox 279 1198 1850 1302; baseline -0.001 -26"><span class='ocrx_word' id='word_1_50' title='bbox 279 1231 347 1276; x_wconf 91' lang='lat' dir='ltr'>esse</span> <span class='ocrx_word' id='word_1_51' title='bbox 365 1201 574 1302; x_wconf 89' lang='lat' dir='ltr'>impervium,</span> <span class='ocrx_word' id='word_1_52' title='bbox 593 1200 692 1274; x_wconf 88' lang='lat' dir='ltr'>fuisse</span> <span class='ocrx_word' id='word_1_53' title='bbox 713 1227 822 1272; x_wconf 83' lang='lat' dir='ltr'>revera</span> <span class='ocrx_word' id='word_1_54' title='bbox 842 1199 1029 1273; x_wconf 87' lang='lat' dir='ltr'>afflictorem</span> <span class='ocrx_word' id='word_1_55' title='bbox 1052 1200 1255 1300; x_wconf 81' lang='lat' dir='ltr'>passionum,</span> <span class='ocrx_word' id='word_1_56' title='bbox 1270 1198 1425 1299; x_wconf 92' lang='lat' dir='ltr'>quoniam</span> <span class='ocrx_word' id='word_1_57' title='bbox 1446 1199 1613 1298; x_wconf 86' lang='lat' dir='ltr'>passiones</span> <span class='ocrx_word' id='word_1_58' title='bbox 1629 1201 1678 1273; x_wconf 92' lang='lat' dir='ltr'>illi</span> <span class='ocrx_word' id='word_1_59' title='bbox 1695 1201 1850 1274; x_wconf 89' lang='lat' dir='ltr'>obsistere</span> 
     </span>
     <span class='ocr_line' id='line_1_7' title="bbox 280 1303 1850 1422; baseline -0.001 -25"><span class='ocrx_word' id='word_1_60' title='bbox 280 1351 345 1397; x_wconf 92' lang='lat' dir='ltr'>non</span> <span class='ocrx_word' id='word_1_61' title='bbox 361 1303 542 1396; x_wconf 77' lang='lat' dir='ltr'>ialuerunt.</span> <span class='ocrx_word' id='word_1_62' title='bbox 560 1322 631 1421; x_wconf 90' lang='lat' dir='ltr'>lpse</span> <span class='ocrx_word' id='word_1_63' title='bbox 651 1335 698 1393; x_wconf 90' lang='lat' dir='ltr'>est</span> <span class='ocrx_word' id='word_1_64' title='bbox 714 1347 787 1394; x_wconf 88' lang='lat' dir='ltr'>vere</span> <span class='ocrx_word' id='word_1_65' title='bbox 802 1320 1009 1420; x_wconf 91' lang='lat' dir='ltr'>impassibilis</span> <span class='ocrx_word' id='word_1_66' title='bbox 1027 1335 1059 1392; x_wconf 92' lang='lat' dir='ltr'>et</span> <span class='ocrx_word' id='word_1_67' title='bbox 1076 1320 1204 1421; x_wconf 90' lang='lat' dir='ltr'>proprie</span> <span class='ocrx_word' id='word_1_68' title='bbox 1220 1320 1402 1420; x_wconf 82' lang='lat' dir='ltr'>increpator</span> <span class='ocrx_word' id='word_1_69' title='bbox 1418 1320 1546 1403; x_wconf 86' lang='lat' dir='ltr'>mortis,</span> <span class='ocrx_word' id='word_1_70' title='bbox 1560 1322 1732 1422; x_wconf 87' lang='lat' dir='ltr'>quoniam,</span> <span class='ocrx_word' id='word_1_71' title='bbox 1747 1337 1850 1396; x_wconf 90' lang='lat' dir='ltr'>morte</span> 
     </span>
     <span class='ocr_line' id='line_1_8' title="bbox 279 1440 1848 1542; baseline 0 -26"><span class='ocrx_word' id='word_1_72' title='bbox 279 1473 356 1530; x_wconf 91' lang='lat' dir='ltr'>sua,</span> <span class='ocrx_word' id='word_1_73' title='bbox 373 1472 464 1518; x_wconf 90' lang='lat' dir='ltr'>suam</span> <span class='ocrx_word' id='word_1_74' title='bbox 490 1442 765 1514; x_wconf 91' lang='lat' dir='ltr'>immortalitatem</span> <span class='ocrx_word' id='word_1_75' title='bbox 791 1441 1007 1525; x_wconf 81' lang='lat' dir='ltr'>confirmavit,</span> <span class='ocrx_word' id='word_1_76' title='bbox 1023 1455 1070 1525; x_wconf 88' lang='lat' dir='ltr'>et,</span> <span class='ocrx_word' id='word_1_77' title='bbox 1088 1440 1239 1542; x_wconf 89' lang='lat' dir='ltr'>passione</span> <span class='ocrx_word' id='word_1_78' title='bbox 1260 1468 1335 1526; x_wconf 90' lang='lat' dir='ltr'>sua,</span> <span class='ocrx_word' id='word_1_79' title='bbox 1360 1468 1452 1513; x_wconf 91' lang='lat' dir='ltr'>suam</span> <span class='ocrx_word' id='word_1_80' title='bbox 1475 1441 1766 1542; x_wconf 89' lang='lat' dir='ltr'>impassibilitatem</span> <span class='ocrx_word' id='word_1_81' title='bbox 1788 1443 1848 1516; x_wconf 90' lang='lat' dir='ltr'>de-</span> 
     </span>
     <span class='ocr_line' id='line_1_9' title="bbox 279 1561 1849 1664; baseline -0.001 -26"><span class='ocrx_word' id='word_1_82' title='bbox 279 1565 479 1638; x_wconf 87' lang='lat' dir='ltr'>monstravit.</span> <span class='ocrx_word' id='word_1_83' title='bbox 500 1562 638 1642; x_wconf 83' lang='lat' dir='ltr'>Quando</span> <span class='ocrx_word' id='word_1_84' title='bbox 656 1562 786 1634; x_wconf 87' lang='lat' dir='ltr'>athletis</span> <span class='ocrx_word' id='word_1_85' title='bbox 802 1561 1001 1638; x_wconf 87' lang='lat' dir='ltr'>luctantibus</span> <span class='ocrx_word' id='word_1_86' title='bbox 1020 1563 1052 1633; x_wconf 93' lang='lat' dir='ltr'>in</span> <span class='ocrx_word' id='word_1_87' title='bbox 1066 1589 1168 1660; x_wconf 80' lang='lat' dir='ltr'>agone</span> <span class='ocrx_word' id='word_1_88' title='bbox 1184 1589 1301 1640; x_wconf 87' lang='lat' dir='ltr'>corona</span> <span class='ocrx_word' id='word_1_89' title='bbox 1314 1561 1478 1646; x_wconf 83' lang='lat' dir='ltr'>tribuitur,</span> <span class='ocrx_word' id='word_1_90' title='bbox 1498 1563 1695 1664; x_wconf 89' lang='lat' dir='ltr'>quandoque</span> <span class='ocrx_word' id='word_1_91' title='bbox 1711 1565 1849 1637; x_wconf 74' lang='lat' dir='ltr'>victoriae</span> 
     </span>
     <span class='ocr_line' id='line_1_10' title="bbox 278 1682 1849 1787; baseline 0.001 -30"><span class='ocrx_word' id='word_1_92' title='bbox 278 1686 411 1787; x_wconf 83' lang='lat' dir='ltr'>praemia</span> <span class='ocrx_word' id='word_1_93' title='bbox 436 1685 646 1756; x_wconf 80' lang='lat' dir='ltr'>conferuntur</span> <span class='ocrx_word' id='word_1_94' title='bbox 667 1683 707 1754; x_wconf 91' lang='lat' dir='ltr'>iis</span> <span class='ocrx_word' id='word_1_95' title='bbox 730 1683 785 1784; x_wconf 90' lang='lat' dir='ltr'>qui</span> <span class='ocrx_word' id='word_1_96' title='bbox 809 1683 974 1782; x_wconf 91' lang='lat' dir='ltr'>triumpho</span> <span class='ocrx_word' id='word_1_97' title='bbox 998 1683 1089 1781; x_wconf 82' lang='lat' dir='ltr'>digni</span> <span class='ocrx_word' id='word_1_98' title='bbox 1111 1683 1215 1755; x_wconf 92' lang='lat' dir='ltr'>habiti</span> <span class='ocrx_word' id='word_1_99' title='bbox 1239 1696 1329 1767; x_wconf 89' lang='lat' dir='ltr'>sunt,</span> <span class='ocrx_word' id='word_1_100' title='bbox 1351 1682 1419 1755; x_wconf 85' lang='lat' dir='ltr'>baec</span> <span class='ocrx_word' id='word_1_101' title='bbox 1441 1682 1518 1756; x_wconf 89' lang='lat' dir='ltr'>dare</span> <span class='ocrx_word' id='word_1_102' title='bbox 1541 1684 1702 1757; x_wconf 91' lang='lat' dir='ltr'>nonlicet</span> <span class='ocrx_word' id='word_1_103' title='bbox 1724 1685 1786 1758; x_wconf 92' lang='lat' dir='ltr'>nisi</span> <span class='ocrx_word' id='word_1_104' title='bbox 1810 1686 1849 1758; x_wconf 90' lang='lat' dir='ltr'>iis</span> 
     </span>
     <span class='ocr_line' id='line_1_11' title="bbox 279 1804 1849 1906; baseline -0.002 -27"><span class='ocrx_word' id='word_1_105' title='bbox 279 1806 407 1879; x_wconf 86' lang='lat' dir='ltr'>athletis</span> <span class='ocrx_word' id='word_1_106' title='bbox 430 1807 504 1906; x_wconf 89' lang='lat' dir='ltr'>qui,</span> <span class='ocrx_word' id='word_1_107' title='bbox 528 1806 562 1876; x_wconf 92' lang='lat' dir='ltr'>in</span> <span class='ocrx_word' id='word_1_108' title='bbox 583 1832 686 1902; x_wconf 78' lang='lat' dir='ltr'>agone</span> <span class='ocrx_word' id='word_1_109' title='bbox 710 1817 741 1877; x_wconf 90' lang='lat' dir='ltr'>et</span> <span class='ocrx_word' id='word_1_110' title='bbox 768 1806 853 1876; x_wconf 89' lang='lat' dir='ltr'>lucta</span> <span class='ocrx_word' id='word_1_111' title='bbox 874 1805 1003 1888; x_wconf 88' lang='lat' dir='ltr'>tentati,</span> <span class='ocrx_word' id='word_1_112' title='bbox 1021 1805 1157 1877; x_wconf 81' lang='lat' dir='ltr'>victoriae</span> <span class='ocrx_word' id='word_1_113' title='bbox 1180 1832 1331 1878; x_wconf 91' lang='lat' dir='ltr'>coronam</span> <span class='ocrx_word' id='word_1_114' title='bbox 1353 1805 1461 1876; x_wconf 90' lang='lat' dir='ltr'>mariti</span> <span class='ocrx_word' id='word_1_115' title='bbox 1482 1819 1568 1878; x_wconf 88' lang='lat' dir='ltr'>sunt.</span> <span class='ocrx_word' id='word_1_116' title='bbox 1590 1804 1695 1878; x_wconf 90' lang='lat' dir='ltr'>Simili</span> <span class='ocrx_word' id='word_1_117' title='bbox 1718 1833 1849 1906; x_wconf 91' lang='lat' dir='ltr'>prorsus</span> 
     </span>
    </p>
   </div>
   <div class='ocr_carea' id='block_1_4' title="bbox 167 1925 1849 2027">
    <p class='ocr_par' dir='ltr' id='par_1_4' title="bbox 167 1925 1849 2027">
     <span class='ocr_line' id='line_1_12' title="bbox 167 1925 1849 2027; baseline 0.001 -29"><span class='ocrx_word' id='word_1_118' title='bbox 167 1967 186 1998; x_wconf 63' lang='grc' dir='ltr'>ι</span> <span class='ocrx_word' id='word_1_119' title='bbox 278 1928 375 2000; x_wconf 90' lang='lat' dir='ltr'>modo</span> <span class='ocrx_word' id='word_1_120' title='bbox 396 1939 520 2027; x_wconf 87' lang='lat' dir='ltr'>oportet</span> <span class='ocrx_word' id='word_1_121' title='bbox 539 1926 580 1998; x_wconf 94' lang='lat' dir='ltr'>de</span> <span class='ocrx_word' id='word_1_122' title='bbox 598 1925 853 2025; x_wconf 90' lang='lat' dir='ltr'>impassibilitate</span> <span class='ocrx_word' id='word_1_123' title='bbox 872 1925 973 2025; x_wconf 87' lang='lat' dir='ltr'>loqui.</span> <span class='ocrx_word' id='word_1_124' title='bbox 991 1925 1235 2027; x_wconf 87' lang='lat' dir='ltr'>impassibilitas</span> <span class='ocrx_word' id='word_1_125' title='bbox 1252 1927 1417 2026; x_wconf 89' lang='lat' dir='ltr'>passiones</span> <span class='ocrx_word' id='word_1_126' title='bbox 1433 1953 1499 1998; x_wconf 91' lang='lat' dir='ltr'>nou</span> <span class='ocrx_word' id='word_1_127' title='bbox 1517 1940 1661 2026; x_wconf 84' lang='lat' dir='ltr'>praestat,</span> <span class='ocrx_word' id='word_1_128' title='bbox 1681 1927 1745 2000; x_wconf 92' lang='lat' dir='ltr'>nisi</span> <span class='ocrx_word' id='word_1_129' title='bbox 1758 1927 1849 2026; x_wconf 90' lang='lat' dir='ltr'>prius</span> 
     </span>
    </p>
   </div>
   <div class='ocr_carea' id='block_1_5' title="bbox 278 2046 1851 2993">
    <p class='ocr_par' dir='ltr' id='par_1_5' title="bbox 278 2046 1851 2993">
     <span class='ocr_line' id='line_1_13' title="bbox 278 2046 1851 2148; baseline -0.001 -27"><span class='ocrx_word' id='word_1_130' title='bbox 278 2050 428 2122; x_wconf 88' lang='lat' dir='ltr'>virtutem</span> <span class='ocrx_word' id='word_1_131' title='bbox 448 2047 633 2120; x_wconf 87' lang='lat' dir='ltr'>ostenderit.</span> <span class='ocrx_word' id='word_1_132' title='bbox 654 2047 764 2118; x_wconf 85' lang='lat' dir='ltr'>Passio</span> <span class='ocrx_word' id='word_1_133' title='bbox 783 2047 882 2144; x_wconf 80' lang='lat' dir='ltr'>igitur</span> <span class='ocrx_word' id='word_1_134' title='bbox 901 2046 936 2118; x_wconf 89' lang='lat' dir='ltr'>in</span> <span class='ocrx_word' id='word_1_135' title='bbox 954 2047 1038 2132; x_wconf 85' lang='lat' dir='ltr'>Deo,</span> <span class='ocrx_word' id='word_1_136' title='bbox 1056 2063 1093 2119; x_wconf 94' lang='lat' dir='ltr'>ut</span> <span class='ocrx_word' id='word_1_137' title='bbox 1109 2047 1244 2147; x_wconf 91' lang='lat' dir='ltr'>quidam</span> <span class='ocrx_word' id='word_1_138' title='bbox 1262 2048 1388 2131; x_wconf 86' lang='lat' dir='ltr'>volunt,</span> <span class='ocrx_word' id='word_1_139' title='bbox 1410 2047 1619 2148; x_wconf 90' lang='lat' dir='ltr'>opprobrium</span> <span class='ocrx_word' id='word_1_140' title='bbox 1639 2062 1695 2121; x_wconf 91' lang='lat' dir='ltr'>aut</span> <span class='ocrx_word' id='word_1_141' title='bbox 1710 2048 1851 2120; x_wconf 86' lang='lat' dir='ltr'>infirmi-</span> 
     </span>
     <span class='ocr_line' id='line_1_14' title="bbox 278 2166 1847 2270; baseline -0.002 -27"><span class='ocrx_word' id='word_1_142' title='bbox 278 2183 375 2243; x_wconf 86' lang='lat' dir='ltr'>tatem</span> <span class='ocrx_word' id='word_1_143' title='bbox 402 2197 468 2242; x_wconf 94' lang='lat' dir='ltr'>non</span> <span class='ocrx_word' id='word_1_144' title='bbox 493 2168 617 2270; x_wconf 90' lang='lat' dir='ltr'>prodit,</span> <span class='ocrx_word' id='word_1_145' title='bbox 637 2168 793 2267; x_wconf 90' lang='lat' dir='ltr'>quoniam</span> <span class='ocrx_word' id='word_1_146' title='bbox 813 2180 926 2240; x_wconf 89' lang='lat' dir='ltr'>natura</span> <span class='ocrx_word' id='word_1_147' title='bbox 950 2167 1009 2239; x_wconf 90' lang='lat' dir='ltr'>Dei</span> <span class='ocrx_word' id='word_1_148' title='bbox 1035 2167 1237 2266; x_wconf 81' lang='lat' dir='ltr'>praestantior</span> <span class='ocrx_word' id='word_1_149' title='bbox 1258 2166 1553 2240; x_wconf 84' lang='lat' dir='ltr'>immutabilitatem</span> <span class='ocrx_word' id='word_1_150' title='bbox 1576 2195 1667 2240; x_wconf 88' lang='lat' dir='ltr'>suam</span> <span class='ocrx_word' id='word_1_151' title='bbox 1692 2167 1847 2252; x_wconf 87' lang='lat' dir='ltr'>ostendit,</span> 
     </span>
     <span class='ocr_line' id='line_1_15' title="bbox 279 2288 1849 2391; baseline -0.003 -27"><span class='ocrx_word' id='word_1_152' title='bbox 279 2289 358 2364; x_wconf 91' lang='lat' dir='ltr'>dum</span> <span class='ocrx_word' id='word_1_153' title='bbox 374 2290 578 2391; x_wconf 90' lang='lat' dir='ltr'>passionibus</span> <span class='ocrx_word' id='word_1_154' title='bbox 596 2301 748 2360; x_wconf 89' lang='lat' dir='ltr'>tentatur.</span> <span class='ocrx_word' id='word_1_155' title='bbox 767 2288 874 2388; x_wconf 91' lang='lat' dir='ltr'>Ipsum</span> <span class='ocrx_word' id='word_1_156' title='bbox 895 2288 999 2373; x_wconf 89' lang='lat' dir='ltr'>euim,</span> <span class='ocrx_word' id='word_1_157' title='bbox 1020 2289 1077 2388; x_wconf 92' lang='lat' dir='ltr'>qui</span> <span class='ocrx_word' id='word_1_158' title='bbox 1095 2289 1157 2360; x_wconf 84' lang='lat' dir='ltr'>tuit</span> <span class='ocrx_word' id='word_1_159' title='bbox 1173 2289 1260 2360; x_wconf 89' lang='lat' dir='ltr'>intra</span> <span class='ocrx_word' id='word_1_160' title='bbox 1281 2302 1389 2388; x_wconf 84' lang='lat' dir='ltr'>portas</span> <span class='ocrx_word' id='word_1_161' title='bbox 1411 2289 1522 2360; x_wconf 87' lang='lat' dir='ltr'>mortis</span> <span class='ocrx_word' id='word_1_162' title='bbox 1530 2293 1555 2374; x_wconf 74' lang='lat'>²,</span> <span class='ocrx_word' id='word_1_163' title='bbox 1575 2290 1697 2390; x_wconf 89' lang='lat' dir='ltr'>quique</span> <span class='ocrx_word' id='word_1_164' title='bbox 1712 2289 1849 2360; x_wconf 89' lang='lat' dir='ltr'>immor-</span> 
     </span>
     <span class='ocr_line' id='line_1_16' title="bbox 279 2407 1849 2509; baseline -0.003 -25"><span class='ocrx_word' id='word_1_165' title='bbox 279 2411 368 2496; x_wconf 91' lang='lat' dir='ltr'>talis,</span> <span class='ocrx_word' id='word_1_166' title='bbox 382 2425 418 2484; x_wconf 91' lang='lat' dir='ltr'>ut</span> <span class='ocrx_word' id='word_1_167' title='bbox 437 2413 539 2492; x_wconf 87' lang='lat' dir='ltr'>Deus,</span> <span class='ocrx_word' id='word_1_168' title='bbox 558 2422 695 2480; x_wconf 89' lang='lat' dir='ltr'>mortem</span> <span class='ocrx_word' id='word_1_169' title='bbox 714 2407 970 2508; x_wconf 88' lang='lat' dir='ltr'>impassibilitate</span> <span class='ocrx_word' id='word_1_170' title='bbox 987 2435 1046 2480; x_wconf 90' lang='lat' dir='ltr'>sua</span> <span class='ocrx_word' id='word_1_171' title='bbox 1062 2407 1194 2494; x_wconf 89' lang='lat' dir='ltr'>devicit,</span> <span class='ocrx_word' id='word_1_172' title='bbox 1213 2408 1318 2482; x_wconf 87' lang='lat' dir='ltr'>Deum</span> <span class='ocrx_word' id='word_1_173' title='bbox 1336 2435 1404 2480; x_wconf 91' lang='lat' dir='ltr'>esse</span> <span class='ocrx_word' id='word_1_174' title='bbox 1418 2408 1592 2509; x_wconf 72' lang='lat' dir='ltr'>praedicare</span> <span class='ocrx_word' id='word_1_175' title='bbox 1608 2421 1748 2509; x_wconf 90' lang='lat' dir='ltr'>oportet,</span> <span class='ocrx_word' id='word_1_176' title='bbox 1765 2436 1849 2509; x_wconf 94' lang='lat' dir='ltr'>quo-</span> 
     </span>
     <span class='ocr_line' id='line_1_17' title="bbox 279 2528 1848 2632; baseline -0.001 -28"><span class='ocrx_word' id='word_1_177' title='bbox 279 2533 368 2604; x_wconf 91' lang='lat' dir='ltr'>niam</span> <span class='ocrx_word' id='word_1_178' title='bbox 384 2531 536 2632; x_wconf 86' lang='lat' dir='ltr'>potestati</span> <span class='ocrx_word' id='word_1_179' title='bbox 558 2529 640 2602; x_wconf 94' lang='lat' dir='ltr'>nulli</span> <span class='ocrx_word' id='word_1_180' title='bbox 658 2528 817 2628; x_wconf 86' lang='lat' dir='ltr'>subjacet,</span> <span class='ocrx_word' id='word_1_181' title='bbox 835 2528 895 2600; x_wconf 90' lang='lat' dir='ltr'>sub</span> <span class='ocrx_word' id='word_1_182' title='bbox 915 2542 1073 2628; x_wconf 85' lang='lat' dir='ltr'>potestate</span> <span class='ocrx_word' id='word_1_183' title='bbox 1089 2528 1179 2600; x_wconf 92' lang='lat' dir='ltr'>nulla</span> <span class='ocrx_word' id='word_1_184' title='bbox 1198 2541 1336 2611; x_wconf 89' lang='lat' dir='ltr'>tenetur,</span> <span class='ocrx_word' id='word_1_185' title='bbox 1357 2529 1556 2628; x_wconf 91' lang='lat' dir='ltr'>corruptioni</span> <span class='ocrx_word' id='word_1_186' title='bbox 1574 2555 1639 2601; x_wconf 93' lang='lat' dir='ltr'>non</span> <span class='ocrx_word' id='word_1_187' title='bbox 1661 2528 1848 2614; x_wconf 87' lang='lat' dir='ltr'>inclinatur,</span> 
     </span>
     <span class='ocr_line' id='line_1_18' title="bbox 279 2649 1847 2750; baseline -0.004 -25"><span class='ocrx_word' id='word_1_188' title='bbox 279 2652 391 2725; x_wconf 91' lang='lat' dir='ltr'>dolore</span> <span class='ocrx_word' id='word_1_189' title='bbox 415 2679 480 2724; x_wconf 92' lang='lat' dir='ltr'>non</span> <span class='ocrx_word' id='word_1_190' title='bbox 507 2664 735 2735; x_wconf 84' lang='lat' dir='ltr'>commovetur,</span> <span class='ocrx_word' id='word_1_191' title='bbox 759 2663 862 2721; x_wconf 87' lang='lat' dir='ltr'>morte</span> <span class='ocrx_word' id='word_1_192' title='bbox 887 2675 953 2721; x_wconf 94' lang='lat' dir='ltr'>non</span> <span class='ocrx_word' id='word_1_193' title='bbox 976 2649 1240 2748; x_wconf 68' lang='lat' dir='ltr'>apprehenditurss</span> <span class='ocrx_word' id='word_1_194' title='bbox 1258 2649 1319 2721; x_wconf 90' lang='lat' dir='ltr'>Iste</span> <span class='ocrx_word' id='word_1_195' title='bbox 1345 2662 1392 2721; x_wconf 90' lang='lat' dir='ltr'>est</span> <span class='ocrx_word' id='word_1_196' title='bbox 1414 2650 1501 2724; x_wconf 89' lang='lat' dir='ltr'>Deus</span> <span class='ocrx_word' id='word_1_197' title='bbox 1524 2649 1632 2721; x_wconf 91' lang='lat' dir='ltr'>omnia</span> <span class='ocrx_word' id='word_1_198' title='bbox 1655 2649 1847 2750; x_wconf 89' lang='lat' dir='ltr'>possidens:</span> 
     </span>
     <span class='ocr_line' id='line_1_19' title="bbox 279 2769 1847 2872; baseline -0.002 -27"><span class='ocrx_word' id='word_1_199' title='bbox 279 2772 348 2846; x_wconf 83' lang='lat' dir='ltr'>baec</span> <span class='ocrx_word' id='word_1_200' title='bbox 368 2787 416 2846; x_wconf 91' lang='lat' dir='ltr'>est</span> <span class='ocrx_word' id='word_1_201' title='bbox 433 2772 716 2855; x_wconf 70' lang='lat' dir='ltr'>dominationem,</span> <span class='ocrx_word' id='word_1_202' title='bbox 735 2772 803 2844; x_wconf 86' lang='lat' dir='ltr'>haec</span> <span class='ocrx_word' id='word_1_203' title='bbox 824 2785 872 2844; x_wconf 90' lang='lat' dir='ltr'>est</span> <span class='ocrx_word' id='word_1_204' title='bbox 892 2771 1036 2871; x_wconf 90' lang='lat' dir='ltr'>potentia</span> <span class='ocrx_word' id='word_1_205' title='bbox 1055 2769 1140 2843; x_wconf 90' lang='lat' dir='ltr'>nulli</span> <span class='ocrx_word' id='word_1_206' title='bbox 1160 2769 1334 2855; x_wconf 91' lang='lat' dir='ltr'>submissa,</span> <span class='ocrx_word' id='word_1_207' title='bbox 1354 2770 1526 2872; x_wconf 91' lang='lat' dir='ltr'>quoniam,</span> <span class='ocrx_word' id='word_1_208' title='bbox 1547 2784 1682 2844; x_wconf 74' lang='lat' dir='ltr'>{nortem</span> <span class='ocrx_word' id='word_1_209' title='bbox 1705 2772 1847 2856; x_wconf 90' lang='lat' dir='ltr'>calcans,</span> 
     </span>
     <span class='ocr_line' id='line_1_20' title="bbox 280 2893 703 2993; baseline -0.005 -27"><span class='ocrx_word' id='word_1_210' title='bbox 280 2923 298 2966; x_wconf 92' lang='lat' dir='ltr'>a</span> <span class='ocrx_word' id='word_1_211' title='bbox 317 2908 418 2967; x_wconf 90' lang='lat' dir='ltr'>morte</span> <span class='ocrx_word' id='word_1_212' title='bbox 437 2893 520 2967; x_wconf 91' lang='lat' dir='ltr'>nibil</span> <span class='ocrx_word' id='word_1_213' title='bbox 538 2920 630 2993; x_wconf 89' lang='lat' dir='ltr'>passa</span> <span class='ocrx_word' id='word_1_214' title='bbox 645 2905 703 2965; x_wconf 88' lang='lat' dir='ltr'>est.</span> 
     </span>
    </p>
   </div>
   <div class='ocr_carea' id='block_1_6' title="bbox 239 3059 1851 5118">
    <p class='ocr_par' dir='ltr' id='par_1_6' title="bbox 239 3059 1851 5118">
     <span class='ocr_line' id='line_1_21' title="bbox 239 3059 1849 3180; baseline -0.002 -26"><span class='ocrx_word' id='word_1_215' title='bbox 239 3059 250 3084; x_wconf 73' lang='lat'><strong>.</strong></span> <span class='ocrx_word' id='word_1_216' title='bbox 330 3080 413 3154; x_wconf 87' lang='lat' dir='ltr'>Vlll.</span> <span class='ocrx_word' id='word_1_217' title='bbox 442 3080 509 3163; x_wconf 89' lang='lat' dir='ltr'>Qui</span> <span class='ocrx_word' id='word_1_218' title='bbox 526 3107 600 3154; x_wconf 84' lang='lat' dir='ltr'>vero</span> <span class='ocrx_word' id='word_1_219' title='bbox 623 3081 706 3152; x_wconf 89' lang='lat' dir='ltr'>banc</span> <span class='ocrx_word' id='word_1_220' title='bbox 731 3081 922 3180; x_wconf 88' lang='lat' dir='ltr'>sapientiam</span> <span class='ocrx_word' id='word_1_221' title='bbox 944 3079 1095 3152; x_wconf 87' lang='lat' dir='ltr'>omuibus</span> <span class='ocrx_word' id='word_1_222' title='bbox 1119 3079 1415 3179; x_wconf 83' lang='lat' dir='ltr'>supereminentem</span> <span class='ocrx_word' id='word_1_223' title='bbox 1438 3093 1470 3150; x_wconf 89' lang='lat' dir='ltr'>ct</span> <span class='ocrx_word' id='word_1_224' title='bbox 1492 3078 1574 3150; x_wconf 89' lang='lat' dir='ltr'>banc</span> <span class='ocrx_word' id='word_1_225' title='bbox 1594 3078 1792 3150; x_wconf 81' lang='lat' dir='ltr'>voluntatem</span> <span class='ocrx_word' id='word_1_226' title='bbox 1815 3077 1849 3150; x_wconf 91' lang='lat' dir='ltr'>in</span> 
     </span>
     <span class='ocr_line' id='line_1_22' title="bbox 278 3197 1851 3302; baseline -0.003 -27"><span class='ocrx_word' id='word_1_227' title='bbox 278 3203 444 3301; x_wconf 86' lang='lat' dir='ltr'>majestate</span> <span class='ocrx_word' id='word_1_228' title='bbox 461 3228 521 3274; x_wconf 90' lang='lat' dir='ltr'>sua</span> <span class='ocrx_word' id='word_1_229' title='bbox 536 3201 688 3274; x_wconf 89' lang='lat' dir='ltr'>omnibus</span> <span class='ocrx_word' id='word_1_230' title='bbox 707 3198 929 3273; x_wconf 89' lang='lat' dir='ltr'>absconditam</span> <span class='ocrx_word' id='word_1_231' title='bbox 947 3200 1129 3300; x_wconf 84' lang='lat' dir='ltr'>vituperare</span> <span class='ocrx_word' id='word_1_232' title='bbox 1147 3200 1274 3286; x_wconf 87' lang='lat' dir='ltr'>volunt;</span> <span class='ocrx_word' id='word_1_233' title='bbox 1295 3199 1352 3302; x_wconf 93' lang='lat' dir='ltr'>qui</span> <span class='ocrx_word' id='word_1_234' title='bbox 1371 3198 1533 3297; x_wconf 80' lang='lat' dir='ltr'>denegant</span> <span class='ocrx_word' id='word_1_235' title='bbox 1554 3197 1772 3299; x_wconf 76' lang='lat' dir='ltr'>praestantiam</span> <span class='ocrx_word' id='word_1_236' title='bbox 1789 3225 1851 3297; x_wconf 92' lang='lat' dir='ltr'>po-</span> 
     </span>
     <span class='ocr_line' id='line_1_23' title="bbox 278 3318 1850 3424; baseline -0.004 -29"><span class='ocrx_word' id='word_1_237' title='bbox 278 3323 386 3396; x_wconf 83' lang='lat' dir='ltr'>tentiae</span> <span class='ocrx_word' id='word_1_238' title='bbox 399 3323 457 3396; x_wconf 89' lang='lat' dir='ltr'>Dei</span> <span class='ocrx_word' id='word_1_239' title='bbox 475 3320 563 3395; x_wconf 90' lang='lat' dir='ltr'>illius</span> <span class='ocrx_word' id='word_1_240' title='bbox 582 3323 673 3422; x_wconf 86' lang='lat' dir='ltr'>cujus</span> <span class='ocrx_word' id='word_1_241' title='bbox 692 3333 799 3408; x_wconf 85' lang='lat' dir='ltr'>¹morte</span> <span class='ocrx_word' id='word_1_242' title='bbox 819 3321 1061 3420; x_wconf 89' lang='lat' dir='ltr'>impassibilitas</span> <span class='ocrx_word' id='word_1_243' title='bbox 1079 3321 1121 3393; x_wconf 89' lang='lat' dir='ltr'>ad</span> <span class='ocrx_word' id='word_1_244' title='bbox 1138 3319 1240 3424; x_wconf 87' lang='grc'>(110)</span> <span class='ocrx_word' id='word_1_245' title='bbox 1258 3347 1369 3394; x_wconf 89' lang='lat' dir='ltr'>omues</span> <span class='ocrx_word' id='word_1_246' title='bbox 1387 3319 1537 3394; x_wconf 90' lang='lat' dir='ltr'>homines</span> <span class='ocrx_word' id='word_1_247' title='bbox 1555 3333 1683 3392; x_wconf 82' lang='lat' dir='ltr'>extensa</span> <span class='ocrx_word' id='word_1_248' title='bbox 1697 3318 1775 3404; x_wconf 70' lang='lat' dir='ltr'>suin</span> <span class='ocrx_word' id='word_1_249' title='bbox 1792 3319 1850 3419; x_wconf 91' lang='lat' dir='ltr'>qui</span> 
     </span>
     <span class='ocr_line' id='line_1_24' title="bbox 278 3438 1850 3541; baseline -0.003 -25"><span class='ocrx_word' id='word_1_250' title='bbox 278 3471 437 3517; x_wconf 88' lang='lat' dir='ltr'>accessum</span> <span class='ocrx_word' id='word_1_251' title='bbox 458 3443 519 3516; x_wconf 90' lang='lat' dir='ltr'>Dei</span> <span class='ocrx_word' id='word_1_252' title='bbox 539 3444 581 3516; x_wconf 89' lang='lat' dir='ltr'>ud</span> <span class='ocrx_word' id='word_1_253' title='bbox 603 3456 740 3515; x_wconf 90' lang='lat' dir='ltr'>mortem</span> <span class='ocrx_word' id='word_1_254' title='bbox 766 3443 917 3526; x_wconf 90' lang='lat' dir='ltr'>irrident,</span> <span class='ocrx_word' id='word_1_255' title='bbox 937 3468 996 3513; x_wconf 90' lang='lat' dir='ltr'>nec</span> <span class='ocrx_word' id='word_1_256' title='bbox 1014 3442 1108 3515; x_wconf 90' lang='lat' dir='ltr'>oculo</span> <span class='ocrx_word' id='word_1_257' title='bbox 1131 3443 1249 3515; x_wconf 87' lang='lat' dir='ltr'>mentis</span> <span class='ocrx_word' id='word_1_258' title='bbox 1267 3470 1333 3514; x_wconf 82' lang='lat' dir='ltr'>suae</span> <span class='ocrx_word' id='word_1_259' title='bbox 1356 3440 1544 3538; x_wconf 79' lang='lat' dir='ltr'>intelligunt</span> <span class='ocrx_word' id='word_1_260' title='bbox 1566 3452 1770 3541; x_wconf 76' lang='lat' dir='ltr'>prestantem</span> <span class='ocrx_word' id='word_1_261' title='bbox 1789 3438 1850 3512; x_wconf 93' lang='lat' dir='ltr'>ad-</span> 
     </span>
     <span class='ocr_line' id='line_1_25' title="bbox 277 3560 1848 3663; baseline -0.004 -25"><span class='ocrx_word' id='word_1_262' title='bbox 277 3579 389 3638; x_wconf 84' lang='lat' dir='ltr'>ventus</span> <span class='ocrx_word' id='word_1_263' title='bbox 415 3564 504 3636; x_wconf 89' lang='lat' dir='ltr'>illius</span> <span class='ocrx_word' id='word_1_264' title='bbox 526 3562 653 3637; x_wconf 91' lang='lat' dir='ltr'>radium</span> <span class='ocrx_word' id='word_1_265' title='bbox 676 3562 915 3663; x_wconf 90' lang='lat' dir='ltr'>respiciendum</span> <span class='ocrx_word' id='word_1_266' title='bbox 935 3589 1019 3648; x_wconf 88' lang='lat' dir='ltr'>esse,</span> <span class='ocrx_word' id='word_1_267' title='bbox 1039 3563 1224 3663; x_wconf 86' lang='lat' dir='ltr'>anilemque</span> <span class='ocrx_word' id='word_1_268' title='bbox 1245 3562 1390 3636; x_wconf 86' lang='lat' dir='ltr'>fabulam</span> <span class='ocrx_word' id='word_1_269' title='bbox 1415 3560 1580 3635; x_wconf 90' lang='lat' dir='ltr'>declarant</span> <span class='ocrx_word' id='word_1_270' title='bbox 1597 3588 1665 3634; x_wconf 89' lang='lat' dir='ltr'>esse</span> <span class='ocrx_word' id='word_1_271' title='bbox 1685 3587 1848 3633; x_wconf 87' lang='lat' dir='ltr'>accessum</span> 
     </span>
     <span class='ocr_line' id='line_1_26' title="bbox 275 3681 1848 3786; baseline -0.003 -28"><span class='ocrx_word' id='word_1_272' title='bbox 275 3685 363 3759; x_wconf 91' lang='lat' dir='ltr'>huuc</span> <span class='ocrx_word' id='word_1_273' title='bbox 381 3685 739 3786; x_wconf 85' lang='lat' dir='ltr'>incomprehensibilem</span> <span class='ocrx_word' id='word_1_274' title='bbox 759 3697 792 3756; x_wconf 90' lang='lat' dir='ltr'>et</span> <span class='ocrx_word' id='word_1_275' title='bbox 811 3683 1086 3783; x_wconf 80' lang='lat' dir='ltr'>inintelligibilem</span> <span class='ocrx_word' id='word_1_276' title='bbox 1101 3683 1162 3756; x_wconf 87' lang='lat' dir='ltr'>Dei</span> <span class='ocrx_word' id='word_1_277' title='bbox 1182 3683 1224 3754; x_wconf 90' lang='lat' dir='ltr'>ad</span> <span class='ocrx_word' id='word_1_278' title='bbox 1247 3698 1400 3766; x_wconf 87' lang='lat' dir='ltr'>mortem,</span> <span class='ocrx_word' id='word_1_279' title='bbox 1414 3683 1537 3782; x_wconf 90' lang='lat' dir='ltr'>absque</span> <span class='ocrx_word' id='word_1_280' title='bbox 1555 3681 1778 3782; x_wconf 82' lang='lat' dir='ltr'>corruptione3</span> <span class='ocrx_word' id='word_1_281' title='bbox 1795 3681 1848 3754; x_wconf 91' lang='lat' dir='ltr'>his</span> 
     </span>
     <span class='ocr_line' id='line_1_27' title="bbox 276 3802 1846 3907; baseline -0.002 -29"><span class='ocrx_word' id='word_1_282' title='bbox 276 3807 310 3878; x_wconf 91' lang='lat' dir='ltr'>iu</span> <span class='ocrx_word' id='word_1_283' title='bbox 329 3807 446 3880; x_wconf 89' lang='lat' dir='ltr'>erroris</span> <span class='ocrx_word' id='word_1_284' title='bbox 458 3807 592 3879; x_wconf 86' lang='lat' dir='ltr'>scientia</span> <span class='ocrx_word' id='word_1_285' title='bbox 604 3831 810 3907; x_wconf 88' lang='lat' dir='ltr'>permanere,</span> <span class='ocrx_word' id='word_1_286' title='bbox 826 3805 907 3878; x_wconf 93' lang='lat' dir='ltr'>sicut</span> <span class='ocrx_word' id='word_1_287' title='bbox 921 3805 955 3877; x_wconf 95' lang='lat' dir='ltr'>in</span> <span class='ocrx_word' id='word_1_288' title='bbox 972 3804 1131 3888; x_wconf 87' lang='lat' dir='ltr'>tenebris,</span> <span class='ocrx_word' id='word_1_289' title='bbox 1146 3803 1242 3877; x_wconf 90' lang='lat' dir='ltr'>morti</span> <span class='ocrx_word' id='word_1_290' title='bbox 1256 3817 1288 3876; x_wconf 90' lang='lat' dir='ltr'>et</span> <span class='ocrx_word' id='word_1_291' title='bbox 1305 3804 1504 3903; x_wconf 93' lang='lat' dir='ltr'>corruptioni</span> <span class='ocrx_word' id='word_1_292' title='bbox 1523 3802 1706 3888; x_wconf 88' lang='lat' dir='ltr'>destinatis,</span> <span class='ocrx_word' id='word_1_293' title='bbox 1719 3802 1846 3886; x_wconf 89' lang='lat' dir='ltr'>lubeat,</span> 
     </span>
     <span class='ocr_line' id='line_1_28' title="bbox 276 3923 1847 4027; baseline -0.003 -27"><span class='ocrx_word' id='word_1_294' title='bbox 276 3929 303 4000; x_wconf 90' lang='lat' dir='ltr'>si</span> <span class='ocrx_word' id='word_1_295' title='bbox 324 3929 434 4002; x_wconf 83' lang='lat' dir='ltr'>velint.</span> <span class='ocrx_word' id='word_1_296' title='bbox 454 3927 617 4010; x_wconf 84' lang='lat' dir='ltr'>Quorsum</span> <span class='ocrx_word' id='word_1_297' title='bbox 642 3927 728 4000; x_wconf 90' lang='lat' dir='ltr'>enim</span> <span class='ocrx_word' id='word_1_298' title='bbox 758 3953 866 4025; x_wconf 81' lang='lat' dir='ltr'>regem</span> <span class='ocrx_word' id='word_1_299' title='bbox 892 3940 949 3999; x_wconf 88' lang='lat' dir='ltr'>aut</span> <span class='ocrx_word' id='word_1_300' title='bbox 972 3926 1153 4027; x_wconf 88' lang='lat' dir='ltr'>principem</span> <span class='ocrx_word' id='word_1_301' title='bbox 1180 3952 1338 3998; x_wconf 86' lang='lat' dir='ltr'>carcerem</span> <span class='ocrx_word' id='word_1_302' title='bbox 1365 3925 1537 4009; x_wconf 89' lang='lat' dir='ltr'>intratum,</span> <span class='ocrx_word' id='word_1_303' title='bbox 1557 3938 1608 4008; x_wconf 92' lang='lat' dir='ltr'>ut,</span> <span class='ocrx_word' id='word_1_304' title='bbox 1630 3925 1665 3996; x_wconf 91' lang='lat' dir='ltr'>in</span> <span class='ocrx_word' id='word_1_305' title='bbox 1692 3923 1847 3996; x_wconf 89' lang='lat' dir='ltr'>malelac-</span> 
     </span>
     <span class='ocr_line' id='line_1_29' title="bbox 277 4031 1848 4149; baseline -0.003 -29"><span class='ocrx_word' id='word_1_306' title='bbox 277 4061 366 4122; x_wconf 87' lang='lat' dir='ltr'>tores</span> <span class='ocrx_word' id='word_1_307' title='bbox 384 4049 458 4121; x_wconf 93' lang='lat' dir='ltr'>illos</span> <span class='ocrx_word' id='word_1_308' title='bbox 480 4048 536 4149; x_wconf 93' lang='lat' dir='ltr'>qui</span> <span class='ocrx_word' id='word_1_309' title='bbox 561 4031 823 4132; x_wconf 88' lang='lat' dir='ltr'>ibidetinentur,</span> <span class='ocrx_word' id='word_1_310' title='bbox 838 4049 929 4147; x_wconf 79' lang='lat' dir='ltr'>juxta</span> <span class='ocrx_word' id='word_1_311' title='bbox 949 4075 1048 4146; x_wconf 89' lang='lat' dir='ltr'>opera</span> <span class='ocrx_word' id='word_1_312' title='bbox 1073 4075 1201 4132; x_wconf 89' lang='lat' dir='ltr'>eorum,</span> <span class='ocrx_word' id='word_1_313' title='bbox 1221 4047 1413 4120; x_wconf 87' lang='lat' dir='ltr'>sententiam</span> <span class='ocrx_word' id='word_1_314' title='bbox 1434 4045 1531 4129; x_wconf 83' lang='lat' dir='ltr'>ierat,</span> <span class='ocrx_word' id='word_1_315' title='bbox 1553 4042 1696 4145; x_wconf 91' lang='lat' dir='ltr'>indeque</span> <span class='ocrx_word' id='word_1_316' title='bbox 1713 4071 1848 4143; x_wconf 87' lang='lat' dir='ltr'>corrup-</span> 
     </span>
     <span class='ocr_line' id='line_1_30' title="bbox 276 4164 1848 4270; baseline -0.004 -27"><span class='ocrx_word' id='word_1_317' title='bbox 276 4184 345 4243; x_wconf 91' lang='lat' dir='ltr'>tum</span> <span class='ocrx_word' id='word_1_318' title='bbox 375 4170 507 4243; x_wconf 91' lang='lat' dir='ltr'>odorem</span> <span class='ocrx_word' id='word_1_319' title='bbox 531 4169 681 4270; x_wconf 89' lang='lat' dir='ltr'>malaque</span> <span class='ocrx_word' id='word_1_320' title='bbox 710 4168 864 4270; x_wconf 88' lang='lat' dir='ltr'>obloquia</span> <span class='ocrx_word' id='word_1_321' title='bbox 891 4196 1098 4269; x_wconf 89' lang='lat' dir='ltr'>perpessum,</span> <span class='ocrx_word' id='word_1_322' title='bbox 1123 4169 1361 4241; x_wconf 82' lang='lat' dir='ltr'>malefactorem</span> <span class='ocrx_word' id='word_1_323' title='bbox 1386 4193 1497 4240; x_wconf 84' lang='lat' dir='ltr'>vocare</span> <span class='ocrx_word' id='word_1_324' title='bbox 1521 4180 1668 4266; x_wconf 84' lang='lat' dir='ltr'>oporteat</span> <span class='ocrx_word' id='word_1_325' title='bbox 1687 4164 1771 4268; x_wconf 79' lang='lat' dir='ltr'>(non</span> <span class='ocrx_word' id='word_1_326' title='bbox 1794 4166 1848 4236; x_wconf 90' lang='lat' dir='ltr'>iu-</span> 
     </span>
     <span class='ocr_line' id='line_1_31' title="bbox 276 4287 1848 4391; baseline -0.004 -28"><span class='ocrx_word' id='word_1_327' title='bbox 276 4287 483 4391; x_wconf 82' lang='lat' dir='ltr'>telligimus),</span> <span class='ocrx_word' id='word_1_328' title='bbox 503 4290 529 4362; x_wconf 92' lang='lat' dir='ltr'>si</span> <span class='ocrx_word' id='word_1_329' title='bbox 549 4289 698 4390; x_wconf 87' lang='lat' dir='ltr'>quidem,</span> <span class='ocrx_word' id='word_1_330' title='bbox 712 4305 828 4389; x_wconf 87' lang='lat' dir='ltr'>sponte</span> <span class='ocrx_word' id='word_1_331' title='bbox 847 4318 922 4376; x_wconf 92' lang='lat' dir='ltr'>sua,</span> <span class='ocrx_word' id='word_1_332' title='bbox 942 4291 1073 4363; x_wconf 90' lang='lat' dir='ltr'>accessit</span> <span class='ocrx_word' id='word_1_333' title='bbox 1099 4288 1141 4362; x_wconf 91' lang='lat' dir='ltr'>ad</span> <span class='ocrx_word' id='word_1_334' title='bbox 1169 4289 1271 4364; x_wconf 91' lang='lat' dir='ltr'>malos</span> <span class='ocrx_word' id='word_1_335' title='bbox 1295 4290 1444 4364; x_wconf 89' lang='lat' dir='ltr'>homiues</span> <span class='ocrx_word' id='word_1_336' title='bbox 1467 4289 1524 4389; x_wconf 95' lang='lat' dir='ltr'>qui</span> <span class='ocrx_word' id='word_1_337' title='bbox 1547 4289 1730 4360; x_wconf 89' lang='lat' dir='ltr'>incarcere</span> <span class='ocrx_word' id='word_1_338' title='bbox 1756 4297 1848 4358; x_wconf 88' lang='lat' dir='ltr'>erant</span> 
     </span>
     <span class='ocr_line' id='line_1_32' title="bbox 275 4406 1846 4510; baseline -0.004 -26"><span class='ocrx_word' id='word_1_339' title='bbox 275 4411 414 4484; x_wconf 75' lang='lat' dir='ltr'>inclusi?</span> <span class='ocrx_word' id='word_1_340' title='bbox 437 4411 484 4484; x_wconf 95' lang='lat' dir='ltr'>lta</span> <span class='ocrx_word' id='word_1_341' title='bbox 506 4437 604 4510; x_wconf 89' lang='lat' dir='ltr'>porro</span> <span class='ocrx_word' id='word_1_342' title='bbox 631 4409 670 4484; x_wconf 88' lang='lat' dir='ltr'>de</span> <span class='ocrx_word' id='word_1_343' title='bbox 699 4412 766 4484; x_wconf 90' lang='lat' dir='ltr'>Deo</span> <span class='ocrx_word' id='word_1_344' title='bbox 794 4411 970 4485; x_wconf 90' lang='lat' dir='ltr'>sentiamus</span> <span class='ocrx_word' id='word_1_345' title='bbox 998 4438 1128 4485; x_wconf 87' lang='lat' dir='ltr'>necesse</span> <span class='ocrx_word' id='word_1_346' title='bbox 1153 4424 1210 4484; x_wconf 88' lang='lat' dir='ltr'>est.</span> <span class='ocrx_word' id='word_1_347' title='bbox 1235 4412 1332 4484; x_wconf 94' lang='lat' dir='ltr'>lllum</span> <span class='ocrx_word' id='word_1_348' title='bbox 1357 4410 1460 4493; x_wconf 87' lang='lat' dir='ltr'>euim,</span> <span class='ocrx_word' id='word_1_349' title='bbox 1484 4409 1527 4481; x_wconf 93' lang='lat' dir='ltr'>ob</span> <span class='ocrx_word' id='word_1_350' title='bbox 1557 4406 1846 4508; x_wconf 84' lang='lat' dir='ltr'>impassibilitatem</span> 
     </span>
     <span class='ocr_line' id='line_1_33' title="bbox 275 4530 1845 4632; baseline -0.004 -28"><span class='ocrx_word' id='word_1_351' title='bbox 275 4559 383 4617; x_wconf 92' lang='lat' dir='ltr'>suam,</span> <span class='ocrx_word' id='word_1_352' title='bbox 402 4533 558 4631; x_wconf 89' lang='lat' dir='ltr'>impetere</span> <span class='ocrx_word' id='word_1_353' title='bbox 582 4557 668 4604; x_wconf 92' lang='lat' dir='ltr'>mors</span> <span class='ocrx_word' id='word_1_354' title='bbox 694 4558 759 4605; x_wconf 92' lang='lat' dir='ltr'>nou</span> <span class='ocrx_word' id='word_1_355' title='bbox 781 4546 904 4632; x_wconf 86' lang='lat' dir='ltr'>potest,</span> <span class='ocrx_word' id='word_1_356' title='bbox 923 4546 955 4606; x_wconf 88' lang='lat' dir='ltr'>et</span> <span class='ocrx_word' id='word_1_357' title='bbox 977 4533 1053 4632; x_wconf 91' lang='lat' dir='ltr'>quia</span> <span class='ocrx_word' id='word_1_358' title='bbox 1078 4532 1285 4617; x_wconf 87' lang='lat' dir='ltr'>immortalis,</span> <span class='ocrx_word' id='word_1_359' title='bbox 1309 4533 1394 4632; x_wconf 87' lang='lat' dir='ltr'>ipse,</span> <span class='ocrx_word' id='word_1_360' title='bbox 1415 4531 1538 4631; x_wconf 88' lang='lat' dir='ltr'>absque</span> <span class='ocrx_word' id='word_1_361' title='bbox 1560 4530 1690 4613; x_wconf 84' lang='lat' dir='ltr'>timore,</span> <span class='ocrx_word' id='word_1_362' title='bbox 1709 4540 1845 4599; x_wconf 88' lang='lat' dir='ltr'>mortem</span> 
     </span>
     <span class='ocr_line' id='line_1_34' title="bbox 274 4649 1847 4755; baseline -0.004 -29"><span class='ocrx_word' id='word_1_363' title='bbox 274 4654 395 4728; x_wconf 86' lang='lat' dir='ltr'>calcare</span> <span class='ocrx_word' id='word_1_364' title='bbox 411 4665 533 4754; x_wconf 88' lang='lat' dir='ltr'>potest,</span> <span class='ocrx_word' id='word_1_365' title='bbox 547 4653 664 4726; x_wconf 87' lang='lat' dir='ltr'>virtute</span> <span class='ocrx_word' id='word_1_366' title='bbox 684 4667 792 4726; x_wconf 83' lang='lat' dir='ltr'>autom</span> <span class='ocrx_word' id='word_1_367' title='bbox 812 4653 947 4726; x_wconf 89' lang='lat' dir='ltr'>Deitatis</span> <span class='ocrx_word' id='word_1_368' title='bbox 965 4653 1087 4755; x_wconf 89' lang='lat' dir='ltr'>absque</span> <span class='ocrx_word' id='word_1_369' title='bbox 1109 4654 1258 4754; x_wconf 88' lang='lat' dir='ltr'>passione</span> <span class='ocrx_word' id='word_1_370' title='bbox 1276 4653 1430 4726; x_wconf 81' lang='lat' dir='ltr'>remansit</span> <span class='ocrx_word' id='word_1_371' title='bbox 1451 4651 1629 4751; x_wconf 87' lang='lat' dir='ltr'>mortisque</span> <span class='ocrx_word' id='word_1_372' title='bbox 1647 4649 1728 4722; x_wconf 81' lang='lat' dir='ltr'>vires</span> <span class='ocrx_word' id='word_1_373' title='bbox 1747 4673 1847 4747; x_wconf 92' lang='lat' dir='ltr'>supe-</span> 
     </span>
     <span class='ocr_line' id='line_1_35' title="bbox 274 4771 1846 4876; baseline -0.006 -27"><span class='ocrx_word' id='word_1_374' title='bbox 274 4776 370 4861; x_wconf 84' lang='lat' dir='ltr'>ravit,</span> <span class='ocrx_word' id='word_1_375' title='bbox 387 4774 605 4876; x_wconf 90' lang='lat' dir='ltr'>appellatione</span> <span class='ocrx_word' id='word_1_376' title='bbox 617 4773 787 4848; x_wconf 91' lang='lat' dir='ltr'>homiuum</span> <span class='ocrx_word' id='word_1_377' title='bbox 801 4775 897 4848; x_wconf 85' lang='lat' dir='ltr'>morti</span> <span class='ocrx_word' id='word_1_378' title='bbox 909 4802 981 4849; x_wconf 84' lang='lat' dir='ltr'>vere</span> <span class='ocrx_word' id='word_1_379' title='bbox 996 4774 1206 4875; x_wconf 88' lang='lat' dir='ltr'>participavit.</span> <span class='ocrx_word' id='word_1_380' title='bbox 1218 4773 1356 4857; x_wconf 86' lang='lat' dir='ltr'>Quando</span> <span class='ocrx_word' id='word_1_381' title='bbox 1372 4772 1472 4872; x_wconf 81' lang='lat' dir='ltr'>igitur</span> <span class='ocrx_word' id='word_1_382' title='bbox 1488 4773 1638 4847; x_wconf 89' lang='lat' dir='ltr'>audimus</span> <span class='ocrx_word' id='word_1_383' title='bbox 1651 4771 1756 4844; x_wconf 88' lang='lat' dir='ltr'>Deum</span> <span class='ocrx_word' id='word_1_384' title='bbox 1770 4793 1846 4870; x_wconf 86' lang='lat' dir='ltr'>pas-</span> 
     </span>
     <span class='ocr_line' id='line_1_36' title="bbox 273 4888 1845 4996; baseline -0.006 -27"><span class='ocrx_word' id='word_1_385' title='bbox 273 4923 345 4970; x_wconf 88' lang='lat' dir='ltr'>sum</span> <span class='ocrx_word' id='word_1_386' title='bbox 364 4923 448 4982; x_wconf 87' lang='lat' dir='ltr'>esse,</span> <span class='ocrx_word' id='word_1_387' title='bbox 467 4894 502 4968; x_wconf 93' lang='lat' dir='ltr'>id</span> <span class='ocrx_word' id='word_1_388' title='bbox 518 4895 699 4996; x_wconf 82' lang='lat' dir='ltr'>intelligere</span> <span class='ocrx_word' id='word_1_389' title='bbox 716 4896 872 4970; x_wconf 90' lang='lat' dir='ltr'>debemus</span> <span class='ocrx_word' id='word_1_390' title='bbox 887 4894 928 4968; x_wconf 90' lang='lat' dir='ltr'>de</span> <span class='ocrx_word' id='word_1_391' title='bbox 946 4895 1047 4995; x_wconf 89' lang='lat' dir='ltr'>ipsius</span> <span class='ocrx_word' id='word_1_392' title='bbox 1066 4894 1206 4967; x_wconf 85' lang='lat' dir='ltr'>adventu</span> <span class='ocrx_word' id='word_1_393' title='bbox 1226 4895 1267 4966; x_wconf 87' lang='lat' dir='ltr'>ad</span> <span class='ocrx_word' id='word_1_394' title='bbox 1285 4907 1438 4979; x_wconf 89' lang='lat' dir='ltr'>mortem,</span> <span class='ocrx_word' id='word_1_395' title='bbox 1453 4894 1480 4966; x_wconf 91' lang='lat' dir='ltr'>si</span> <span class='ocrx_word' id='word_1_396' title='bbox 1502 4891 1634 4994; x_wconf 88' lang='lat' dir='ltr'>quidem</span> <span class='ocrx_word' id='word_1_397' title='bbox 1656 4888 1845 4992; x_wconf 87' lang='lat' dir='ltr'>passionum</span> 
     </span>
     <span class='ocr_line' id='line_1_37' title="bbox 274 5012 1843 5118; baseline -0.006 -26"><span class='ocrx_word' id='word_1_398' title='bbox 274 5017 385 5092; x_wconf 90' lang='lat' dir='ltr'>mortis</span> <span class='ocrx_word' id='word_1_399' title='bbox 409 5016 492 5090; x_wconf 91' lang='lat' dir='ltr'>nihil</span> <span class='ocrx_word' id='word_1_400' title='bbox 520 5017 554 5091; x_wconf 94' lang='lat' dir='ltr'>in</span> <span class='ocrx_word' id='word_1_401' title='bbox 579 5045 613 5090; x_wconf 93' lang='lat' dir='ltr'>se</span> <span class='ocrx_word' id='word_1_402' title='bbox 640 5018 776 5118; x_wconf 88' lang='lat' dir='ltr'>recepit,</span> <span class='ocrx_word' id='word_1_403' title='bbox 800 5016 990 5117; x_wconf 89' lang='lat' dir='ltr'>impassibili</span> <span class='ocrx_word' id='word_1_404' title='bbox 1016 5030 1048 5090; x_wconf 88' lang='lat' dir='ltr'>et</span> <span class='ocrx_word' id='word_1_405' title='bbox 1072 5015 1246 5089; x_wconf 88' lang='lat' dir='ltr'>immortali</span> <span class='ocrx_word' id='word_1_406' title='bbox 1272 5016 1387 5091; x_wconf 81' lang='lat' dir='ltr'>virtute</span> <span class='ocrx_word' id='word_1_407' title='bbox 1414 5042 1472 5089; x_wconf 92' lang='lat' dir='ltr'>sua</span> <span class='ocrx_word' id='word_1_408' title='bbox 1500 5014 1596 5088; x_wconf 91' lang='lat' dir='ltr'>morti</span> <span class='ocrx_word' id='word_1_409' title='bbox 1623 5012 1747 5086; x_wconf 85' lang='lat' dir='ltr'>adstitit</span> <span class='ocrx_word' id='word_1_410' title='bbox 1769 5023 1801 5084; x_wconf 93' lang='lat' dir='ltr'>et</span> <span class='ocrx_word' id='word_1_411' title='bbox 1825 5037 1843 5083; x_wconf 92' lang='lat' dir='ltr'>a</span> 
     </span>
    </p>
   </div>
   <div class='ocr_carea' id='block_1_7' title="bbox 312 5283 1140 5360">
    <p class='ocr_par' dir='ltr' id='par_1_7' title="bbox 312 5283 1140 5360">
     <span class='ocr_line' id='line_1_38' title="bbox 312 5283 1140 5360; baseline -0.002 -18"><span class='ocrx_word' id='word_1_412' title='bbox 312 5291 318 5321; x_wconf 90' lang='lat'><strong>¹</strong></span> <span class='ocrx_word' id='word_1_413' title='bbox 338 5285 502 5360; x_wconf 80' lang='lat' dir='ltr'>Theophilus,</span> <span class='ocrx_word' id='word_1_414' title='bbox 518 5286 557 5341; x_wconf 78' lang='lat' dir='ltr'>tt</span> <span class='ocrx_word' id='word_1_415' title='bbox 570 5284 694 5358; x_wconf 74' lang='lat' dir='ltr'>Autolpch.</span> <span class='ocrx_word' id='word_1_416' title='bbox 708 5304 730 5348; x_wconf 88' lang='lat' dir='ltr'>r,</span> <span class='ocrx_word' id='word_1_417' title='bbox 747 5287 772 5339; x_wconf 89' lang='grc'>3.</span> <span class='ocrx_word' id='word_1_418' title='bbox 784 5288 837 5328; x_wconf 71' lang='lat'>-2</span> <span class='ocrx_word' id='word_1_419' title='bbox 856 5284 900 5339; x_wconf 79' lang='lat' dir='ltr'>cn</span> <span class='ocrx_word' id='word_1_420' title='bbox 912 5283 962 5338; x_wconf 74' lang='lat' dir='ltr'>lob.</span> <span class='ocrx_word' id='word_1_421' title='bbox 979 5303 1081 5348; x_wconf 80' lang='lat' dir='ltr'>ruruu,</span> <span class='ocrx_word' id='word_1_422' title='bbox 1100 5303 1140 5356; x_wconf 77' lang='lat'>¹7.</span> 
     </span>
    </p>
   </div>
   <div class='ocr_carea' id='block_1_8' title="bbox 0 0 2008 6098">
    <p class='ocr_par' dir='ltr' id='par_1_8' title="bbox 0 0 2008 6098">
     <span class='ocr_line' id='line_1_39' title="bbox 0 0 2008 6098; baseline 0 1"><span class='ocrx_word' id='word_1_423' title='bbox 0 0 2008 6098; x_wconf 95' lang='lat' dir='ltr'> </span> 
     </span>
    </p>
   </div>
  </div>
 </body>
</html>
