3990 6092
725 575 925 643 SANCTUS
957 574 1172 644 iiilillAEUS.

349 798 458 871 XXIII.
489 827 633 871 accrescas
653 803 790 880 rnsun1¹,
803 826 933 870 narseum
951 826 1077 870 suoouru
1096 826 1124 869 ru
1145 825 1260 882 ortuis,
1282 825 1318 868 ux
1337 826 1422 869 urano
1441 825 1553 878 ousnro

650 947 748 991 norun
761 923 774 962 ²
789 947 839 1000 our
855 947 927 991 suns
944 947 1089 990 anteusus
1105 947 1249 991 usussss,

215 1097 389 1197 Deinceps,
403 1096 554 1168 omnihus
571 1102 747 1180 renovatis,
766 1122 838 1168 vere
854 1095 1071 1168 habitabunt³
1088 1095 1261 1168 incivitate
1280 1097 1350 1168 Dei.
1375 1098 1479 1169 Dixit*
1495 1099 1583 1170 enim
1599 1131 1607 1170 :
1626 1097 1735 1170 «Dicit

164 1219 246 1320 aqui
262 1218 353 1291 sedet
370 1245 467 1319 super
482 1215 635 1290 thronum
650 1245 658 1284 ε
675 1217 755 1290 Ecce
773 1242 854 1289 nova
872 1217 956 1289 iacio
968 1222 1088 1290 omnia.
1105 1217 1145 1289 Et
1162 1217 1260 1288 dixit⁵
1275 1248 1282 1287 :
1297 1217 1431 1290 Scribe⁶
1447 1219 1601 1319 quoniam
1617 1219 1651 1290 hi
1666 1245 1735 1292 ser-

164 1365 301 1412 amones
313 1339 427 1410 fideles
442 1351 562 1410 suntet
576 1364 739 1410 veracesu
754 1338 793 1410 Et
811 1337 890 1409 dixit
906 1337 987 1408 mihi
1002 1369 1009 1409 :
1026 1339 1147 1409 «Facta
1165 1342 1261 1409 sunt⁷
1275 1339 1512 1412 convenienter.
1523 1370 1539 1406 n
1550 1339 1633 1411 Cum
1647 1341 1734 1412 enim

162 1483 236 1533 vere
250 1461 314 1532 sint
329 1459 493 1542 homines,
512 1445 639 1559 oportet
655 1472 693 1532 ut
708 1485 781 1531 vera
797 1459 838 1531 sit
853 1459 1041 1531 renovatio⁸
1058 1459 1218 1558 ipsorum,
1235 1485 1342 1559 neque
1362 1471 1396 1530 ut
1415 1459 1621 1536 deflectamus
1638 1457 1679 1532 nd
1698 1487 1736 1532 ea

163 1607 236 1680 que
255 1607 322 1652 non
341 1593 431 1663 sunt,
448 1580 505 1652 sed
521 1593 557 1652 ut
574 1581 616 1652 ad
633 1605 670 1653 ea
687 1607 759 1680 quae
777 1592 852 1652 sunt
876 1579 1157 1680 progrediamur⁹.
1178 1580 1248 1652 Non
1266 1581 1352 1652 enim
1373 1580 1553 1652 substantia
1569 1592 1602 1652 et
1621 1594 1736 1652 natura

163 1701 333 1774 creationis
345 1705 371 1745 ¹⁰
395 1701 617 1773 destruuntur.
637 1700 739 1773 Verus
761 1701 847 1772 enim
872 1713 904 1772 et
926 1701 1040 1772 firmus
1062 1701 1184 1801 estqui
1207 1701 1373 1773 constituit
1393 1700 1495 1773 illum.
1519 1701 1609 1772 «sod
1632 1701 1737 1798 ligura

164 1822 288 1921 ahujus
313 1820 429 1894 mundi
450 1823 637 1904 transit¹¹,n
660 1822 796 1902 scilicet,
820 1822 853 1893 in
878 1821 998 1921 quibus
1023 1823 1233 1920 transgressio
1256 1820 1339 1894 lacta
1365 1837 1427 1904 est,
1453 1823 1607 1921 quoniam
1631 1822 1738 1894 senuit

163 1941 262 2014 homo
276 1942 310 2014 in
328 1943 417 2042 ipsis.
433 1942 472 2013 Et
486 1955 617 2042 propter
630 1942 692 2013 hoc
709 1942 813 2040 figura
827 1942 927 2014 Ιιωο12
945 1942 1131 2042 temporalis
1148 1942 1230 2014 lacta
1249 1955 1311 2026 est,
1325 1943 1433 2013 omnia
1448 1941 1514 2014 Deo
1533 1943 1736 2042 presciente,

164 2063 281 2136 sieut¹³
295 2061 494 2136 ostendimus
510 2063 544 2135 in
562 2062 645 2135 libro
659 2061 878 2148 antecedenti,
897 2061 968 2147 ubi,
980 2090 1040 2162 pro
1059 2090 1152 2161 posse
1165 2076 1293 2146 nostro,
1309 2089 1421 2134 causas
1435 2063 1605 2135 creationis
1623 2061 1738 2135 mundi

164 2183 364 2284 temporanei
381 2181 540 2256 dedimus.
556 2182 774 2256 Praetereuntu
784 2187 809 2227 ¹⁴
824 2197 932 2255 autem
945 2181 1048 2281 figura
1060 2182 1136 2266 huo,
1150 2183 1283 2254 homine
1296 2196 1450 2254 renovato
1467 2195 1497 2254 et
1511 2183 1553 2255 ud
1571 2183 1739 2284 incorrup-

164 2305 285 2377 tionem
304 2303 491 2388 accedente,
509 2303 552 2377 ita
572 2319 607 2376 ut
628 2332 694 2376 non
715 2305 816 2404 possit
826 2305 895 2404 jam
912 2319 1125 2388 veterascere,
1145 2305 1205 2376 erit
1226 2303 1341 2376 eoelum
1364 2331 1484 2376 novum
1502 2315 1534 2376 et
1553 2317 1638 2376 terra
1656 2291 1737 2377 uov'e

165 2428 282 2527 inqua
303 2453 403 2498 novus
428 2405 642 2526 perseverabit
664 2425 780 2508 homo,
800 2453 926 2527 semper
944 2453 1025 2498 nova
1046 2454 1119 2498 cum
1137 2426 1203 2497 Deo
1220 2425 1424 2497 disserens¹⁵.
1441 2423 1480 2496 Et
1497 2425 1650 2525 quoniam
1670 2427 1738 2498 haee

166 2549 199 2620 in
229 2562 384 2621 eternum
417 2547 685 2648 perseverabunt,
712 2548 810 2620 isaias
840 2547 946 2620 dixit:
968 2547 1277 2632 «Quemadmodum
1303 2547 1419 2618 coelum
1454 2574 1570 2618 novum
1597 2559 1628 2618 et
1655 2561 1739 2619 terra

167 2675 318 2754 rnorem,
331 2696 403 2770 quae
420 2696 480 2768 ego
498 2670 596 2754 lucio,
612 2670 657 2741 ait
673 2669 846 2755 Dominus,
861 2669 1113 2768 perseverabunt
1125 2670 1159 2739 in
1171 2682 1344 2768 conspeetu
1359 2695 1449 2750 meo,
1462 2669 1505 2738 sie
1520 2667 1618 2740 stabit
1628 2694 1737 2740 semen

167 2804 331 2863 «vestrum
348 2805 380 2863 et
398 2817 516 2863 nomen
532 2805 671 2863 vestrum
684 2796 747 2861 Π.»
764 2789 1049 2875 Quemadmodum
1068 2790 1246 2890 presbyteri
1265 2789 1377 2861 dicunt
1387 2845 1498 2863 .....
1511 2784 1616 2890 titt).

589 3002 693 3074 XXIV.
726 3030 848 3082 insunt,
865 3031 945 3081 ouen
962 3031 1107 3074 tunsurus
1124 3027 1264 3074 unasrrcr
1275 3007 1311 3071 ¹⁸.

216 3182 299 3255 Cum
313 3181 413 3278 igitur
427 3179 563 3277 linguae,
579 3205 658 3278 quas
674 3203 743 3248 esse
757 3177 961 3276 septuaginta
975 3203 1110 3248 numero
1126 3189 1340 3249 monstratum
1351 3191 1414 3260 est,
1426 3179 1459 3249 in
1474 3205 1573 3250 unam
1591 3179 1737 3275 linguam

165 3331 183 3374 a
201 3301 321 3373 Davide
341 3300 490 3372 adunate
508 3300 572 3370 sint
583 3302 620 3380 ¹⁹,
637 3323 766 3370 necesse
784 3311 831 3368 est
849 3312 884 3369 ut
902 3297 940 3368 iis
958 3297 1116 3368 reveletur
1132 3323 1220 3380 arca,
1237 3324 1310 3396 quae
1324 3299 1466 3397 corporis
1485 3297 1603 3370 Christi
1618 3299 1690 3398 puri
1708 3315 1739 3371 et

164 3421 363 3495 immaculati
381 3434 475 3520 typus
490 3423 602 3492 erattt.
621 3419 905 3503 Quemadmodum
923 3419 1010 3490 enim
1029 3445 1117 3500 arca,
1137 3418 1224 3490 intus
1242 3430 1274 3489 et
1290 3419 1383 3502 loris,
1401 3418 1555 3491 deaurata
1574 3433 1642 3492 erat
1659 3447 1739 3491 auro

165 3543 305 3627 mundo,
324 3543 368 3615 ita
391 3543 488 3614 etiam
513 3567 630 3642 eorpus
648 3539 765 3613 Christi
788 3567 906 3641 purum
932 3553 1000 3612 erat
1020 3552 1052 3611 et
1076 3539 1201 3622 lucens,
1215 3539 1302 3612 intus'
1328 3540 1460 3640 quidem
1476 3540 1581 3613 Verbo
1602 3541 1739 3612 adorne-

168 3677 252 3745 tum,
270 3665 348 3736 loris
362 3677 471 3736 autern
487 3663 609 3763 Spiritu
625 3661 837 3746 custoditum,
855 3676 890 3734 ut
906 3662 1044 3734 duarum
1059 3674 1250 3734 naturarum
1266 3660 1420 3762 splendor
1438 3673 1600 3762 appareat.

355 3877 444 3949 XXV.
475 3905 595 3962 rasum,
612 3905 742 3950 rrrsuorr
759 3903 974 3958 insonamus,
994 3903 1162 3948 arosurruu
1184 3905 1219 3949 sa
1234 3902 1443 3948 oouusuruno
1461 3904 1553 3948 raino

752 4007 781 4051 ru
799 4007 944 4051 caurrcuu
960 4006 1155 4051 courteouuu.

219 4157 339 4230 Forsan
363 4171 471 4230 autem
495 4185 532 4230 ex
555 4186 592 4229 eo
616 4157 705 4258 quod
733 4171 846 4229 natum
868 4170 915 4227 est
941 4155 1186 4255 explicationem
1209 4157 1357 4228 sortitum
1386 4169 1432 4228 est
1446 4156 1597 4229 Verbum.
1615 4156 1741 4229 Scimus

210 4338 218 4366 ¹
238 4332 336 4387 Adsero.
349 4331 416 4388 tior.
433 4333 461 4396 v,
482 4352 547 4398 sarr,
565 4352 595 4396 a,
616 4351 697 4397 xxxvi,
714 4352 737 4386 r.
754 4331 793 4385 W.
812 4329 915 4403 Harvey,
994 4337 1110 4409 em
1121 4332 1174 4386 loco
1190 4338 1291 4410 ‘M’
1306 4332 1496 4403 conjeceramus.
1510 4332 1545 4387 Ite
1561 4338 1641 4386 tamen
1657 4339 1740 4386 matu—

166 4427 184 4482 i.
200 4447 219 4482 c.
243 4447 267 4502 p.
290 4427 353 4482 eso.
372 4457 410 4468 —
424 4430 434 4460 ²
453 4429 473 4482 G
492 4426 571 4480 omitt.
592 4445 681 4480 surum.
705 4455 740 4466 -
755 4428 765 4459 ³
785 4424 852 4479 Vens.
873 4425 915 4478 iat.
991 4424 1044 4478 rius
1058 4441 1191 4498 perpensa,
1204 4425 1363 4498 scriptionem
1377 4423 1468 4479 codicis
1481 4443 1614 4480 amamus
1628 4425 1742 4480 iissretiri

168 4519 292 4574 habitabit.
319 4551 355 4561 -
375 4521 386 4554 ⁸
405 4521 423 4574 t
445 4519 510 4573 dicit.
535 4550 571 4562 -
591 4523 601 4552 ⁵
620 4517 718 4591 dpocol.
742 4537 792 4582 ru,
814 4519 839 4571 5.
859 4518 878 4572 B
894 4529 918 4571 st

167 4613 232 4667 dicit.
248 4617 307 4654 -⁸
326 4611 394 4668 Vens.
409 4612 450 4666 lat.
464 4613 587 4686 quomodo.
599 4613 659 4654 -7
677 4609 738 4665 itu.
754 4612 779 4664 6.
793 4609 860 4665 Vers.
874 4611 915 4664 iat.

168 4719 191 4760 st
204 4705 334 4761 mudum
345 4707 469 4760 rotimum.
483 4708 537 4747 -⁸
555 4706 623 4762 Vers.
642 4705 682 4760 ist.
693 4705 919 4778 plantatim.-

167 4804 177 4832 ’
196 4800 264 4854 Vsrs.
282 4800 324 4854 iat.
341 4799 464 4876 proficere.
478 4830 516 4842 -
530 4801 548 4833 ¹⁰
568 4799 635 4854 isra
651 4799 692 4854 lat.
711 4799 857 4852 conditionis.
874 4798 917 4853 Gr.

168 4895 279 4948 usioses.
293 4923 329 4934 -
342 4896 358 4926 ¹¹
380 4895 389 4948 i
407 4892 446 4947 At
464 4891 569 4947 Corinth
590 4911 637 4957 ru,
652 4893 695 4946 3¹.
710 4893 729 4947 C
745 4902 867 4963 muctar.
881 4923 917 4932 —-

170 4988 188 5018 '²
206 4988 225 5040 Α
240 4986 319 5041 omitt.
334 4987 391 5040 Isso.
406 5019 444 5028 —
462 4989 479 5021 ¹³
498 4987 531 5048 Β,
543 4987 562 5040 C
575 4985 702 5039 nuendum
718 4983 789 5058 quod.
801 4986 819 5039 t
831 4983 918 5038 Iohan-

168 5080 205 5133 us's
221 5077 275 5133 loeo
290 5080 441 5134 crastinus.
455 5111 492 5121 -
503 5081 520 5113 ¹⁸
533 5079 689 5152 Bproetsris't.
699 5109 733 5120 -
748 5081 765 5110 ¹⁵
778 5077 822 5133 Gr.
833 5097 918 5151 «pos-

169 5175 270 5241 optus.
285 5203 323 5213 -
335 5176 354 5206 ¹⁰
374 5173 483 5227 homitt.
499 5184 522 5227 st
537 5184 602 5227 torro
616 5192 684 5226 nsoo.
695 5201 732 5214 -
743 5173 760 5204 ¹⁷
779 5168 837 5224 Isos'.
850 5189 916 5232 urst,

171 5285 213 5324 aa.
224 5297 261 5309 -
269 5269 289 5300 ¹⁸
308 5264 380 5321 Unde
394 5266 449 5338 Syri
462 5265 628 5339 tngmmum
640 5265 706 5320 istud
716 5263 869 5338 excerperiot
880 5264 917 5318 in·

169 5368 271 5414 sertum.
292 5359 337 5414 liic
356 5358 476 5431 inprims
493 5366 561 5431 parte
577 5359 710 5432 legandum
730 5357 826 5412 esseio
847 5356 918 5411 titulo

992 4518 1059 4572 enim
1075 4535 1125 4571 non
1137 4518 1273 4572 castanon
1286 4519 1420 4580 ireseum,
1435 4517 1479 4572 sed
1491 4537 1550 4573 eum
1561 4519 1667 4589 allegere
1677 4529 1742 4590 pots·

992 4622 1048 4663 root
1063 4609 1202 4682 (matthata)
1215 4611 1247 4665 ad
1258 4609 1364 4666 tuendos
1376 4630 1472 4666 errores
1487 4630 1558 4677 suos;
1569 4611 1615 4666 uisi
1628 4611 1691 4666 Iuste
1702 4611 1743 4666 hic

993 4701 1025 4758 de
1040 4703 1089 4757 alio
1103 4703 1208 4768 Irenaeo,
1227 4705 1283 4778 qui,
1305 4723 1370 4758 anuo
1391 4705 1490 4759 Domini
1508 4722 1583 4768 ccciv,
1600 4704 1743 4759 Sinnieusis

993 4797 1121 4870 episcopus
1139 4805 1165 4852 st
1186 4806 1288 4871 martyr,
1312 4797 1439 4859 ocubuit,
1461 4805 1556 4872 sgstm.
1579 4797 1638 4852 lisso
1659 4805 1741 4852 umen

992 4889 1113 4964 posterior
1144 4891 1228 4965 opinio
1263 4891 1361 4945 videtur
1392 4890 1528 4945 admodum
1563 4889 1741 4966 improbabilis.

993 4982 1099 5047 Quando
1118 4983 1185 5038 eninr
1202 4985 1259 5058 quis
1277 4983 1422 5058 simpliciter
1436 4991 1464 5037 ut
1481 4957 1590 5038 irenaeus
1606 4983 1742 5039 introduci-

993 5083 1042 5142 tur,
1050 5077 1188 5151 generatim
1203 5077 1330 5151 episcopus
1340 5075 1513 5151 Lugdunensis
1525 5095 1578 5132 esse
1587 5077 1740 5151 intelligitur.

994 5201 1029 5210 —-
1049 5174 1066 5204 ¹⁹
1085 5170 1132 5226 liic
1150 5169 1213 5244 quid
1233 5170 1322 5244 legerit
1341 5170 1417 5243 Syrus
1435 5170 1557 5244 interpres
1574 5170 1689 5226 dubium.
1704 5199 1741 5214 ·-·

992 5267 1012 5297 '⁰
1032 5265 1094 5328 Quas
1113 5271 1251 5337 sequuntur
1267 5281 1346 5338 grrece
1365 5270 1460 5318 autent
1477 5263 1503 5317 in
1515 5263 1556 5318 W.
1570 5265 1675 5338 iissrey,
1691 5266 1707 5320 i.
1721 5286 1757 5332 c,

995 5353 1031 5418 II,
1046 5375 1072 5430 p.
1089 5357 1155 5429 Ipp,
1170 5375 1220 5411 stri.
