4006 6098
671 517 875 586 SANCTUS
900 517 1203 586 HIPPOLYTUS.
1662 523 1727 592 335

207 664 247 736 ll.
277 662 403 736 Coelos¹
423 663 523 761 igitur
541 665 757 764 suspiciens2,
780 666 825 740 ait
845 664 995 768 (lesus):
1018 666 1168 740 «Gratias
1196 667 1254 740 tibi
1276 695 1354 766 ago,
1378 666 1484 752 Pater,
1509 669 1585 770 quia
1613 671 1730 744 audisti

156 790 268 860 mee„
283 785 418 869 Verum,
434 785 566 884 quando
585 787 686 859 oravit
701 787 896 869 Christus‚o
916 787 1030 861 dilecte
1047 789 1117 860 mit
1133 790 1239 873 Quam
1258 789 1357 888 paulo
1377 791 1472 864 antea
1492 790 1658 864 instituisti
1677 792 1731 863 in-

157 906 380 1004 terrogationis
393 906 511 978 solutio
527 934 614 981 nunc
628 909 771 992 affertur,
783 936 916 1008 nempe,
931 909 1063 1010 quaudo
1078 911 1306 984 «conturbavit
1317 908 1560 1014 (semetipsum)
1571 913 1729 1014 spiritus,

155 1041 231 1099 tunc
250 1028 351 1099 oravit
373 1026 528 1100 Christus.

924 1334 959 1407 ll

728 1519 786 1593 [ΙΝ
812 1521 1159 1595 vnuunrnttnnosl

207 1725 231 1798 l.
262 1725 424 1808 Quoniam
446 1723 613 1798 bominem
634 1726 720 1798 [leus
747 1726 962 1800 immortalem
987 1741 1019 1799 et
1040 1728 1210 1799 mortalem
1231 1727 1319 1812 iecit,
1345 1741 1523 1827 potuerunt
1539 1731 1672 1831 quidam
1695 1759 1731 1804 ex

154 1847 304 1919 Patribus
316 1847 421 1919 dicere
436 1847 604 1920 hominem
619 1874 687 1920 esse
703 1847 937 1933 immortalem,
951 1849 1154 1920 attendentes
1171 1850 1214 1920 ad
1230 1849 1265 1920 id
1278 1850 1366 1950 quod
1379 1849 1492 1923 meunt
1504 1849 1731 1953 (Scripturaec)

155 1969 246 2065 cllgo
261 1967 339 2052 dixi,
356 1968 409 2040 Dii
427 1969 502 2041 estis
519 1980 552 2039 et
567 1968 624 2040 filii
639 1967 762 2040 Excelsi
780 1993 892 2040 omnes
899 1972 950 2051 ξι
968 1968 1078 2042 autad
1091 1968 1126 2041 id
1143 1969 1233 2069 quod
1247 1969 1293 2043 ait
1307 1997 1433 2042 summe
1448 1971 1605 2072 Sapiens:
1619 1971 1733 2056 «Quo-

156 2089 268 2161 cniam
283 2089 369 2160 Deus
384 2103 523 2161 mortem
538 2115 605 2160 non
622 2088 698 2161 lecit
712 2115 771 2162 nco
783 2089 909 2162 letatur
927 2089 962 2160 in
977 2089 1158 2189 perditione
1171 2091 1314 2163 vivorum
1324 2095 1362 2160 ⁶»
1374 2105 1406 2164 et
1418 2093 1609 2165 «constituit
1624 2091 1734 2166 homi-

155 2237 254 2282 rnam
277 2209 556 2312 incorruptibilem
578 2209 728 2295 Deus⁶n,
741 2209 886 2284 cinvidia
906 2223 1016 2284 autem
1034 2210 1163 2285 Diaboli
1181 2237 1268 2284 mors
1283 2212 1427 2286 introivit
1443 2213 1477 2284 in
1500 2213 1612 2286 orbem
1632 2227 1733 2288 terra-

155 2358 253 2404 rrum
261 2336 284 2403 ⁷.
294 2364 311 2402 n
321 2332 365 2404 Ex
381 2331 432 2406 bis
447 2331 525 2405 locis
540 2333 747 2406 manifestum
762 2332 920 2406 est—ita
937 2333 1024 2406 enim
1039 2333 1088 2406 illi
1103 2327 1543 2435 argumeirtantur-quod,
1556 2349 1731 2437 antequam

100 2461 103 2466 “
153 2451 252 2526 homo
270 2452 461 2527 comedisset
482 2452 523 2526 de
547 2454 655 2528 tractu
677 2451 853 2556 (arboris),
872 2481 942 2528 non
967 2454 1176 2528 moriebatur.
1196 2455 1300 2553 Ergo,
1321 2455 1430 2538 aiunt,
1456 2482 1516 2530 nec
1540 2456 1731 2530 immortalis

158 2586 244 2658 erat,
260 2601 320 2647 nec
337 2573 497 2658 mortalis,
514 2575 571 2648 sed
586 2601 685 2676 capax
702 2575 814 2648 mortis
826 2587 859 2648 et
875 2576 958 2650 vitae.

206 2767 246 2840 ll.
275 2767 338 2841 Alii
358 2782 506 2842 econtra
525 2769 728 2844 contendunt
745 2770 911 2843 bominem
930 2771 1030 2846 tuisse
1052 2785 1196 2844 creatum
1214 2770 1384 2845 mortalem
1402 2785 1435 2844 et
1448 2787 1669 2872 'peccatorem
1688 2773 1731 2846 ita

154 2903 192 2960 ut
212 2887 299 2962 Deus
322 2891 363 2963 sit
390 2918 481 2974 reus,
499 2905 567 2963 tum
596 2892 724 2975 mortis,
743 2904 812 2963 turn
836 2892 959 2992 peccati
980 2891 1079 2965 illius.
1099 2893 1218 2965 Verum
1239 2892 1302 2966 boc
1318 2892 1422 2966 absitl
1440 2893 1480 2965 Et
1497 2893 1632 2995 quidem
1654 2895 1731 2968 talia

154 3036 220 3082 non
246 3025 395 3083 asserunt
418 3009 480 3082 nisi
506 3010 696 3110 insipientes
717 3008 953 3096 Valentiniani,
973 3011 1030 3112 qui
1051 3024 1219 3110 peccatum
1247 3039 1265 3083 a
1288 3026 1404 3085 natura
1430 3026 1462 3086 et
1483 3040 1501 3084 a
1524 3015 1733 3112 generatione

154 3129 303 3214 trabunt,
319 3131 441 3231 quique
453 3130 550 3202 etiam
566 3129 729 3202 affirmant
741 3129 835 3201 illum
846 3156 914 3201 esse
927 3129 1169 3231 impeccabilem
1185 3131 1242 3232 qui
1260 3131 1508 3214 estimmortalis
1525 3132 1623 3236 (69).
1639 3135 1733 3209 Unde

154 3252 272 3324 iterum
288 3250 487 3323 concludunt
507 3249 705 3349 peccabilem
723 3263 865 3322 creatum
882 3249 1050 3323 bominem
1069 3277 1135 3322 non
1152 3277 1246 3351 posse
1263 3277 1330 3324 non
1348 3279 1497 3354 peccare,
1513 3267 1550 3325 ut
1569 3255 1681 3326 mortis
1702 3270 1733 3327 et

154 3372 278 3471 peccati
295 3399 425 3443 causam
442 3372 546 3444 Deum
566 3383 719 3470 arguant3
733 3369 791 3442 sed
807 3369 958 3471 impietas
973 3384 1021 3444 est
1033 3371 1161 3472 opinari
1175 3371 1216 3444 de
1232 3371 1301 3444 Deo
1320 3373 1408 3473 quod
1426 3373 1467 3446 sit
1485 3389 1597 3449 auctor
1610 3377 1733 3477 peccati

155 3505 186 3565 et
202 3491 410 3592 perditionis,
429 3519 503 3566 curn
521 3492 563 3564 sit
586 3517 604 3562 e
628 3504 740 3564 contra
762 3505 874 3565 auctor
894 3493 1056 3566 bonarum
1079 3492 1328 3590 cogitationum,
1355 3521 1433 3566 nam
1455 3495 1543 3568 Deus
1565 3495 1732 3569 bominem

154 3614 230 3686 lecit
246 3626 481 3713 praceptorum
496 3613 566 3686 vitae
584 3626 617 3684 et
632 3613 745 3686 mortis
764 3640 930 3715 capacem.
950 3627 988 3686 ut
1004 3613 1083 3688 dicit
1103 3613 1260 3714 Sapiens:
1278 3615 1461 3718 cApposuit
1482 3616 1543 3690 tibi
1562 3645 1681 3718 aquam
1701 3632 1733 3692 et

156 3735 305 3832 rignem3
326 3735 368 3806 ad
393 3733 482 3834 quod
498 3732 654 3818 volueris,
670 3735 801 3835 porrige
822 3729 956 3810 manum
975 3739 1128 3820 tuam⁸3o
1148 3749 1205 3809 tua
1230 3763 1282 3809 res
1303 3751 1367 3822 est,
1389 3764 1455 3810 non
1475 3737 1545 3811 Dei.
1563 3738 1732 3822 Quemad-

154 3853 290 3926 modum
307 3853 410 3938 enim,
431 3854 473 3928 ob
489 3855 775 3953 transgressionem
792 3857 963 3957 precepti,
980 3855 1146 3930 bominem
1160 3839 1304 3930 reddidit
1322 3857 1491 3932 mortalem
1510 3859 1615 3943 Deus,
1634 3859 1677 3931 ita
1701 3871 1734 3932 et

155 3973 248 4046 illum
266 3975 423 4074 potuisset
439 3976 544 4050 lacere
561 3975 793 4060 immortalem,
810 3977 837 4050 si
852 3991 1011 4078 praecepta
1024 3991 1190 4052 servasset.
1207 3979 1327 4052 Verum
1344 3993 1533 4052 autemnon
1548 3993 1610 4064 est,
1627 3993 1664 4053 ut
1679 3981 1733 4054 isti

156 4095 262 4180 aiunt,
278 4095 445 4169 hominem
463 4125 530 4168 non
549 4098 743 4170 moriturum
756 4098 871 4182 litiae,
888 4099 916 4170 si
932 4123 997 4172 non
1015 4099 1128 4172 luisset
1142 4112 1267 4172 creatus
1281 4100 1438 4173 mortalis.
1451 4101 1496 4173 Ac
1512 4101 1540 4174 si
1554 4101 1658 4186 Deus,
1674 4101 1731 4202 qui

156 4215 230 4288 lecit
242 4217 409 4290 bominem
426 4217 660 4301 immortalem,
677 4244 743 4291 nou
761 4218 918 4318 potuisset
934 4218 1027 4291 illum
1040 4218 1220 4303 destruere,
1236 4221 1263 4293 si
1278 4218 1439 4294 voluisset.

207 4409 264 4483 lll.
293 4410 330 4482 ln
352 4409 403 4483 bis
421 4411 518 4484 rebus
535 4438 602 4483 uon
621 4423 747 4511 oportet
771 4411 891 4484 sentire
910 4425 949 4484 ut
964 4411 1106 4486 baeretici
1125 4413 1358 4499 Valentiniani,
1379 4417 1436 4516 qui
1461 4415 1574 4489 dicunt
1595 4442 1732 4516 corpora

156 4544 188 4602 et
205 4531 329 4602 animas
347 4557 413 4602 non
430 4558 523 4632 posse
543 4531 605 4603 sibi
628 4531 764 4606 invicem
791 4532 977 4620 convenire
999 4535 1087 4607 uude
1113 4533 1205 4607 litut
1223 4548 1326 4608 morte
1351 4550 1542 4636 separentur
1559 4564 1597 4610 eo
1615 4537 1680 4610 line
1696 4549 1733 4608 ut

155 4651 271 4723 animae
287 4650 436 4724 advitam
450 4665 526 4724 eant
540 4665 572 4722 et
585 4677 722 4753 corpora
736 4653 885 4726 mortalia
897 4653 932 4726 in
946 4654 1114 4755 pulverem
1130 4655 1239 4729 anima
1255 4657 1416 4758 privatum
1435 4657 1642 4730 descendent.
1658 4657 1731 4742 Qua
1769 4636 1778 4654 ⁶

156 4772 302 4844 doctrina
317 4771 459 4845 baeretici
478 4773 526 4845 illi
544 4773 707 4872 denegant
723 4775 990 4850 resurrectionem
1009 4776 1162 4878 corporis.

194 5023 201 5053 ¹
221 5020 329 5076 lliccod.
338 5030 417 5078 venat.
426 5022 453 5077 iu
462 5025 536 5078 initio
547 5023 647 5079 numeri
655 5023 811 5087 XVlLaddit
821 5046 828 5079 ι
839 5023 906 5079 Poct-
980 5046 1016 5081 me
1032 5027 1117 5092 codic,
1133 5027 1176 5081 ced
1187 5038 1288 5101 propter
1300 5027 1418 5100 populum
1435 5029 1478 5082 hoc
1486 5029 1570 5100 socio,
1584 5041 1612 5083 ot
1630 5029 1729 5084 credam

157 5132 231 5189 paam
258 5114 336 5185 igitur
360 5115 511 5172 recalcitrem
533 5117 642 5189 lapidem.
660 5147 700 5162 -
715 5121 726 5152 ²
744 5117 806 5174 cod.
823 5125 903 5174 vena
980 5121 1039 5194 puio
1059 5131 1084 5175 tu
1106 5141 1143 5175 m
1164 5122 1256 5174 rm'sicti
1273 5151 1311 5162 —
1327 5121 1338 5156 ⁴
1357 5119 1446 5176 Protin
1467 5139 1547 5188 uni,
1563 5124 1587 5176 6.
1603 5125 1665 5164 -⁸
1683 5119 1731 5177 Se·

156 5207 272 5280 ιιιφιτέι
287 5237 326 5248 -
341 5209 352 5242 ⁸
366 5207 426 5262 Cod.
439 5217 518 5264 venet
536 5209 618 5264 omitt.
635 5211 761 5283 sequentia
781 5229 860 5284 usquc
874 5212 905 5266 ad
978 5215 1052 5286 prinu.
1067 5233 1089 5278 ι,
1108 5215 1150 5268 ι3.
1167 5219 1231 5256 -0
1250 5211 1311 5268 ibid.
1326 5233 1358 5278 ιι,
1375 5233 1419 5268 ιι.
1434 5217 1493 5256 -⁷
1512 5213 1572 5270 ltu.
1589 5235 1620 5278 ιι,
1638 5215 1729 5270 ot.-

157 5299 250 5354 tit-tt.
268 5297 342 5354 addit
356 5307 439 5354 tamen
453 5321 459 5352 ι
472 5301 521 5354 Sed
533 5320 577 5372 ego
591 5303 640 5354 acio
654 5303 712 5376 quio
727 5304 791 5356 omni
805 5313 907 5376 tempora
982 5309 993 5340 ⁸
1012 5305 1149 5360 Eccluicct.
1164 5325 1199 5368 ιι,
1213 5325 1254 5380 ¹7·
