3982 6082
230 601 279 644 rrv
842 578 1195 650 PROLEGOMENA.

229 728 264 800 in
281 727 349 800 suis
369 728 513 801 doricetis
534 728 673 828 syriacis,
694 728 804 804 denuo
823 729 1018 806 contulimus
1043 729 1294 832 plenissimeque
1317 729 1492 830 descriptas
1516 728 1673 804 latinitate
1699 729 1806 804 dorca-

229 850 332 922 vimus
348 848 399 952 (p.
419 847 617 952 tot-337).

282 971 329 1044 De
344 973 446 1045 sancti
463 972 631 1074 Hippolyti
648 974 711 1046 vita
727 987 759 1046 et
778 974 905 1074 scriptis
922 985 1051 1046 necesse'
1067 999 1132 1048 non
1152 986 1201 1046 est
1218 972 1272 1045 hic
1287 999 1398 1068 agere,
1418 985 1491 1072 post
1508 985 1555 1046 tot
1574 985 1805 1075 tantorumque

228 1094 371 1166 virorum
388 1094 531 1180 labores,
555 1094 702 1178 Eusebii,
728 1094 878 1195 inquam,
903 1091 1109 1194 Hieronymi,
1125 1093 1279 1178 Fabricii,
1296 1091 1477 1176 Gallandii,
1496 1092 1652 1178 bandini,
1666 1095 1805 1168 Combe-

230 1215 308 1300 sssii,
327 1217 470 1289 Simonis
490 1216 530 1290 de
548 1215 726 1313 Magistris,
744 1214 915 1301 Bursenii,
936 1215 1070 1300 Cruicii,
1093 1213 1289 1313 Dolliogeri,
1306 1214 1561 1312 Hergenrbtber,
1580 1215 1627 1287 De
1642 1215 1804 1313 Lagarde,

230 1337 334 1422 Pitra,
353 1337 557 1437 aliorumque
573 1363 655 1437 quos
671 1336 840 1437 nequebic
855 1349 981 1408 tantum
1000 1362 1251 1410 commemorare
1265 1335 1420 1408 valemus.
1433 1333 1491 1406 Vir
1505 1336 1592 1408 enim
1609 1349 1656 1408 est
1668 1337 1806 1437 scriptor

229 1455 384 1558 antiquus
396 1459 453 1559 qui
463 1471 574 1530 nostra
586 1471 678 1531 aetate
692 1457 842 1559 pluribus
857 1459 1080 1531 controversiis
1095 1458 1202 1531 locum
1213 1456 1447 1557 dederitquam
1457 1471 1587 1530 sanctus
1599 1457 1803 1557 Hippolytus.

281 1578 427 1651 Primum
438 1579 577 1652 occurrit
588 1580 623 1651 in
634 1578 824 1652 collectione
839 1591 949 1652 nostra
963 1577 1232 1653 commentarium
1247 1579 1282 1649 in
1296 1578 1465 1651 Canticum
1475 1577 1700 1664 Canticorum,
1712 1581 1806 1679 cujus

228 1713 354 1800 partem
371 1715 495 1774 tantum
514 1699 692 1786 edidimus,
711 1727 828 1802 nempe
844 1729 863 1774 a
878 1702 982 1802 capite
1006 1729 1047 1788 vv,
1063 1701 1220 1775 versiculo
1239 1703 1301 1788 15,
1323 1699 1365 1773 ad
1384 1715 1481 1802 caput
1495 1727 1540 1786 vr,
1560 1701 1752 1774 versiculum
1768 1729 1802 1800 7.

229 1821 364 1907 Verum,
384 1822 463 1894 dum
481 1835 585 1894 textus
603 1821 776 1896 orientales
796 1823 857 1896 sub
878 1822 969 1923 prelo
987 1823 1159 1908 sudarent,
1175 1821 1301 1922 integre
1319 1821 1440 1923 prodiit
1456 1820 1519 1895 boc
1535 1823 1804 1895 commentarium

229 1943 264 2016 in
280 1942 537 2015 Mcuumcutorum
554 1945 738 2042 syrrbcorum
753 1945 918 2018 volumine
933 1945 978 2029 ll,
993 1973 1069 2046 pag.
1086 1947 1196 2046 9-32,
1213 1971 1289 2017 cura
1305 1943 1436 2043 Georgii
1454 1943 1628 2042 Mdsingcr,
1647 1945 1705 2045 qui
1721 1943 1804 2016 illud

229 2079 338 2137 sancto
355 2065 527 2165 Ephraemo
544 2064 718 2138 tribuebat.
737 2066 804 2139 Sed
820 2065 905 2138 hanc
922 2093 1015 2139 suam
1036 2067 1224 2167 opinionem
1242 2064 1333 2139 nullo
1358 2064 1418 2137 niti
1438 2064 1650 2138 fundamento
1671 2065 1806 2138 omniuo

230 2200 353 2258 certum
375 2201 438 2271 est,
459 2187 621 2288 siquidem
638 2200 752 2259 auctor
774 2186 873 2285 hujus
896 2187 1117 2260 commentarii
1140 2186 1447 2287 Septuagintavirali
1469 2186 1610 2260 editione
1633 2187 1747 2272 utitur,
1768 2201 1805 2259 ut

229 2307 263 2379 in
279 2307 364 2380 notis
379 2308 518 2380 versioni
535 2322 652 2381 nostre
670 2309 780 2380 latinae
797 2308 949 2408 subjectis
965 2308 1268 2395 animadvertimus,
1284 2323 1382 2410 atque
1398 2333 1520 2409 paucos
1538 2307 1711 2381 versiculos
1725 2335 1808 2382 con-

229 2429 346 2501 ferenti
359 2429 593 2530 lacilepatebit.
603 2431 668 2516 lta,
683 2457 752 2531 cap.
762 2457 792 2516 v,
806 2429 963 2503 versicrdo
979 2460 1010 2515 1,
1024 2429 1157 2504 verbum
1171 2431 1393 2504 commentarii
1404 2430 1505 2503 nostri
1516 2427 1621 2515 lm,
1637 2429 1801 2514 domnoc,

230 2550 347 2623 melius
370 2577 474 2648 graeco
504 2551 600 2625 verbo
626 2579 644 2624 a
671 2579 727 2624 cxx
754 2551 901 2625 adhibito
921 2555 1089 2632 καταςιίτω
1110 2549 1243 2654 (Contio.
1271 2550 1384 2625 Contio.
1408 2577 1450 2637 rr,
1484 2550 1548 2653 16)
1576 2551 1806 2652 correspondet

230 2697 329 2773 quam
351 2672 473 2771 syriaca
497 2671 592 2746 lectio
617 2660 700 2760 lib,
723 2673 829 2746 veniet.
853 2672 990 2760 Pariter,
1014 2691 1085 2774 cap.
1109 2699 1139 2758 v,
1165 2701 1203 2759 o,
1227 2686 1461 2746 commentator
1484 2688 1593 2746 nostor
1617 2672 1733 2770 legisse
1753 2673 1804 2744 vi·

230 2792 352 2864 detur:
374 2799 496 2888 ἔφαγον
519 2799 615 2894 ἄρτον
638 2825 696 2886 μου
719 2799 797 2884 μετὰ
819 2799 947 2885 μελιτός
968 2825 1043 2886 μου,
1067 2821 1133 2868 non
1157 2807 1265 2868 autem
1288 2819 1383 2877 mv
1408 2815 1469 2898 γλ
1495 2791 1691 2867 «nl-Q
1716 2791 1800 2874 ml

230 2914 404 2986 mundacavi
418 2915 590 2988 coecitatem
603 2945 697 2989 numo
712 2933 778 2988 cam
794 2918 877 2989 melle
892 2945 970 3002 mco,
988 2931 1025 2990 ut
1041 2917 1103 2990 lert
1117 2915 1219 2990 versio
1238 2915 1372 3016 simplex
1389 2917 1555 3016 Syrorum.
1576 2916 1629 2988 Sic
1648 2916 1744 2989 ctiam
1763 2914 1804 2987 ad

229 3035 577 3137 Septuagintuviralem
602 3050 722 3110 textum
743 3038 921 3111 referendae
945 3053 1022 3112 sunt
1046 3037 1140 3111 variae
1163 3037 1317 3111 lectiones
1342 3065 1413 3138 quae
1438 3050 1648 3139 sequuntur:
1678 3065 1748 3136 cap.
1774 3063 1803 3122 v,

233 3158 529 3261 α,υ31,ἀὸελφοί
544 3166 691 3270 (Aquilas
710 3183 741 3242 et
758 3168 973 3269 Symmachus
993 3178 1131 3270 ἑταῖροι,
1149 3168 1323 3262 ἀδελφιδοῖ.
1343 3211 1395 3224 -
1411 3149 1467 3241 dtr
1484 3167 1520 3242 F.
1540 3167 1646 3252 Field,
1668 3167 1806 3266 origenis

229 3286 437 3386 Heroplorum
461 3317 527 3390 que
548 3307 720 3392 supersunt,
739 3291 786 3376 ll,
804 3320 837 3392 p.
860 3291 967 3392 I118);
992 3281 1161 3376 lxii-Q,
1179 3295 1232 3363 cat
1252 3295 1310 3370 cdv
1328 3290 1453 3389 Sv'pwt
1480 3286 1490 3369 l
1498 3289 1682 3372 Q,
1700 3293 1806 3361 τελεία

231 3407 476 3507 (Symmachus,
488 3422 505 3492 »t
517 3419 648 3513 cleopater
657 3412 749 3516 μου),
760 3413 838 3485 dum
850 3412 1004 3485 lectiones
1014 3409 1169 3485 versionis
1181 3411 1310 3512 syriacae
1320 3409 1474 3512 simplicis
1488 3412 1564 3495 eit,
1575 3408 1585 3491 l
1593 3404 1754 3496 bruel,
1764 3409 1806 3482 ad

229 3545 373 3603 mentem
391 3548 543 3607 revocant
559 3534 704 3608 bebraeas
727 3560 819 3606 voces
837 3549 941 3621 οὐκ
960 3555 1060 3632 rnen.
1078 3529 1169 3606 Idem
1186 3531 1361 3606 dicaculum
1380 3546 1429 3606 est
1446 3531 1486 3605 de
1502 3529 1594 3603 variis
1611 3530 1805 3605 lectionibus

230 3678 259 3734 v,
284 3681 341 3738 rr,
364 3681 424 3740 ¹23
441 3681 489 3740 vr,
507 3658 539 3728 3.
551 3657 590 3730 At
606 3655 724 3728 nullibi
737 3654 819 3728 sorte
832 3653 936 3754 magis
947 3653 1077 3727 evidens
1091 3668 1140 3727 est
1155 3667 1439 3728 commentatorem
1454 3681 1520 3755 prae
1538 3651 1639 3725 oculis
1653 3650 1805 3724 habuisse

231 3773 409 3847 versionem
433 3787 496 3848 τῶν
517 3779 558 3850 O'
582 3804 681 3878 quarn
708 3803 778 3875 cap.
803 3803 833 3861 v,
858 3777 896 3860 5,
919 3774 992 3861 ubi,
1016 3803 1089 3847 cum
1114 3774 1244 3876 legisset
1266 3779 1319 3848 ἐπὶ
1336 3785 1447 3874 χεῖρας
1468 3784 1524 3847 τοῦ
1549 3775 1704 3872 κλείθρου,
1726 3770 1806 3846 divit

230 3921 290 3993 per
306 3922 415 3968 vocem
433 3907 544 3995 χεῖρας
561 3897 737 3994 significari
754 3925 843 3999 opero
850 3897 944 3998 fidei,
965 3897 1044 3969 dum
1062 3898 1149 3999 apud
1168 3896 1337 3971 Semiticos
1353 3895 1631 3997 frequentissimus
1648 3894 1805 3996 loquendi

230 4013 347 4087 modus
358 4042 418 4114 per
431 4044 551 4088 omnum
568 4016 651 4090 nibil
668 4018 758 4091 aliud
777 4017 928 4118 indigitat
945 4046 1045 4120 quarn
1056 4048 1125 4120 per,
1142 4018 1203 4091 drot.
1222 4019 1266 4092 Ex
1285 4017 1336 4090 bis
1352 4016 1453 4115 igitur
1465 4016 1560 4102 locis,
1579 4043 1644 4088 non
1662 4042 1753 4087 secus
1769 4044 1805 4088 ac

231 4163 268 4209 ex
289 4135 400 4209 multis
423 4137 493 4210 aliis
515 4166 588 4239 quae
610 4139 772 4213 adducere
793 4167 976 4241 possemus,
998 4139 1103 4242 liquet
1122 4135 1367 4214 commentatori
1390 4151 1499 4211 nostro
1520 4134 1719 4238 praelurissc,
1738 4163 1805 4209 non

230 4259 366 4360 quidem
383 4259 550 4333 bebraeum
569 4275 625 4334 aut
642 4261 820 4363 syriacum,
838 4263 895 4336 scd
913 4262 1259 4364 Septuagintaviralem
1277 4276 1406 4335 tortum.

282 4380 396 4482 Atqui,
411 4381 436 4454 si
450 4397 579 4455 sanctus
591 4383 781 4484 prraemus
795 4385 894 4485 hujus
910 4383 1132 4458 commentarii
1147 4397 1260 4457 auctor
1272 4396 1369 4469 esset,
1384 4383 1562 4457 versionem
1577 4381 1732 4482 syriacam
1750 4391 1806 4452 aut

230 4502 397 4576 hebraeum
412 4504 635 4578 authenticum
658 4505 820 4608 exemplar
837 4505 1053 4592 adhibuisset,
1076 4521 1113 4578 ut
1131 4533 1167 4578 ex
1185 4506 1285 4607 ipsius
1302 4531 1393 4578 more
1413 4504 1531 4602 agendi
1551 4503 1684 4576 omnino
1704 4499 1807 4575 dedu-

232 4651 303 4697 cere
318 4625 408 4709 licet,
421 4640 453 4699 et
469 4654 509 4699 eo
526 4626 630 4724 magis
648 4627 737 4728 quod
752 4640 882 4699 sanctus
895 4641 1128 4701 commentator
1142 4653 1234 4726 syrus
1245 4625 1390 4724 linguam
1405 4651 1541 4722 graecam
1552 4649 1618 4695 non
1634 4621 1772 4694 callebat
1782 4624 1804 4690 ¹.

283 4747 321 4818 ln
344 4747 429 4819 notis
452 4776 523 4848 qua·
548 4749 583 4822 in
605 4747 699 4822 initio
718 4761 751 4822 et
775 4747 840 4822 fine
865 4748 1088 4822 commentarii
1110 4747 1294 4848 legentibus
1316 4759 1432 4846 praesto
1455 4758 1547 4828 sunt,
1571 4743 1725 4815 asseritur
1745 4741 1807 4812 hoc

232 4869 499 4941 commentarium
514 4871 613 4943 luisse
628 4871 841 4971 compositum
858 4898 875 4943 e
892 4871 986 4943 variis
1001 4870 1134 4942 Petrum
1147 4870 1390 4967 Doctorumque
1403 4865 1552 4939 Ecclesiae
1565 4862 1690 4961 scriptis
1708 4889 1726 4932 a
1740 4860 1806 4932 viro

233 4988 375 5086 quodam
393 4993 578 5082 Φιλοπόνῳ.
594 4991 695 5064 Porro
711 4991 829 5064 nullibi
847 4991 904 5064 tali
923 4991 1016 5064 titulo
1032 5001 1179 5061 sanctum
1196 4987 1403 5088 prraemum
1420 4985 1519 5058 luisse
1535 4982 1727 5079 insignitum
1748 4979 1808 5052 sci-

232 5136 315 5182 urus.
342 5109 427 5196 lmo,
452 5139 488 5185 cx
515 5112 607 5187 titulo
633 5127 759 5187 tantum
780 5113 972 5188 concludere
997 5112 1072 5184 licet
1097 5109 1157 5183 boc
1184 5107 1451 5184 commentorium
1480 5132 1548 5180 esse
1573 5105 1686 5176 loetum
1713 5101 1807 5201 graeci

272 5365 279 5396 ¹
300 5363 329 5418 ll.
347 5363 486 5430 Wiscrnan,
505 5363 575 5421 llere
584 5367 698 5439 syriaco,
714 5383 739 5440 p.
758 5363 886 5418 118-160.
