4006 6098
531 587 732 655 SANCTUS
762 589 1011 656 ulonvsvtts
1043 589 1401 657 sustineamus
1678 597 1745 662 lvlll

176 731 330 834 aufugere
346 751 461 836 potest.
481 735 612 809 Galileae
630 750 661 809 ct
679 738 869 838 nephthali,
887 737 1034 810 Zabulon
1057 752 1089 810 et
1111 738 1241 812 Galileae
1262 739 1343 812 fines
1360 738 1510 814 videmnt
1531 740 1641 842 lumen
1665 745 1745 840 ejus.

177 859 244 931 Hoc
268 859 365 930 etiam
388 871 482 929 antea
500 858 598 930 Isaiae
615 859 776 958 praedixit,
798 886 817 930 o
837 860 1046 932 Samosatene
1064 891 1071 930 :
1092 860 1215 932 «Terra
1233 860 1379 933 Zabulon
1399 875 1430 945 et
1450 873 1534 935 terra
1557 863 1745 962 Nephthali,

177 979 251 1050 avia
271 978 385 1060 maris,
407 976 529 1051 Galilea
548 978 715 1063 Gentium,
731 981 873 1080 populns
891 981 946 1080 qui
964 980 1097 1054 sedebat
1113 981 1146 1053 in
1165 981 1306 1054 tenebris
1324 981 1401 1056 vidit
1415 983 1521 1056 lucem
1539 991 1745 1082 magnanr¹.n

175 1099 246 1172 Non
271 1099 357 1170 enim
384 1099 550 1199 prophetae
578 1098 743 1172 Christum
766 1101 935 1186 videbant,
959 1115 995 1174 ut
1017 1102 1159 1174 heretici
1181 1103 1239 1202 qui
1263 1103 1367 1174 Deum
1392 1104 1603 1208 impugnant,
1628 1107 1687 1178 sed
1712 1121 1747 1178 ut

176 1220 290 1292 heatus
310 1221 446 1306 Paulus,
466 1220 578 1321 quide
596 1249 651 1305 eo,
671 1235 708 1293 ut
725 1222 810 1306 Deo,
828 1223 1034 1323 loquebatur,
1051 1224 1230 1323 predicens
1245 1224 1453 1322 Evangelium
1472 1253 1583 1311 suum,
1601 1227 1747 1300 «revela-

178 1341 291 1424 stione
308 1341 368 1414 Dei
384 1356 416 1414 et
432 1340 605 1416 Salvatoris
624 1343 700 1414 lesu
716 1340 870 1445 (Christi)
888 1349 1108 1444 receptum².n
1128 1343 1223 1416 Hunc
1238 1344 1336 1416 lsaias
1355 1359 1387 1418 ct
1404 1344 1524 1418 Paulus
1544 1361 1657 1420 vocant
1676 1376 1748 1420 ma-

176 1489 293 1561 gnum,
310 1461 426 1535 fortem
449 1463 624 1535 Dominum
642 1477 674 1536 et
698 1464 814 1536 Deum.
833 1463 954 1536 Paulus
973 1492 1046 1538 vero
1071 1465 1318 1550 samosatenus,
1345 1494 1419 1538 cum
1446 1467 1638 1566 sequacibus
1663 1469 1745 1552 suis,

176 1610 242 1656 non
256 1584 386 1656 erubuit
398 1583 491 1656 illum
504 1598 620 1685 putum
639 1599 671 1657 et
687 1613 806 1684 pumm
825 1586 988 1686 appellare
1003 1585 1181 1659 hominem.

226 1760 278 1833 Vl.
307 1761 427 1834 Adiens
445 1762 477 1833 in
501 1760 627 1834 deserto
650 1760 825 1847 loannem,
844 1763 989 1836 Christus
1005 1762 1185 1864 baptizatus
1207 1777 1254 1836 est
1271 1763 1430 1864 baptismo
1451 1765 1658 1865 poenitentiae.
1678 1766 1746 1838 Hoc

175 1881 293 1954 itemm
307 1883 405 1955 lsaias
420 1881 585 1984 praedixit:
599 1882 690 1956 «Vox
701 1883 867 1956 clamantis
885 1885 919 1955 in
938 1885 1063 1957 deserto
1078 1916 1086 1956 z
1102 1885 1215 1957 Parate
1229 1885 1312 1956 viam
1328 1883 1514 1970 Domini³‚n
1532 1886 1652 1958 seilicet
1663 1887 1746 1959 viam

175 2029 247 2101 quae
266 2002 354 2075 ducit
369 2003 411 2074 ad
428 2030 565 2101 regnum
586 2003 750 2076 coelorum.
770 2004 952 2104 baptizatus
968 2019 1015 2076 est
1031 2005 1066 2077 in
1085 2003 1226 2076 Iordane
1242 2004 1297 2076 ille
1313 2031 1483 2106 perquem
1507 2003 1655 2078 mundati
1671 2034 1746 2106 pec-

175 2136 297 2195 catores
312 2125 533 2196 remissionem
551 2139 755 2225 peccatorum
772 2125 929 2198 obtinent.
947 2124 1011 2198 «Et
1025 2153 1082 2200 vox
1095 2125 1178 2197 lacta
1195 2140 1243 2198 cst
1259 2124 1300 2197 de
1318 2125 1405 2197 coelis
1422 2124 1564 2227 (epatre
1580 2123 1743 2227 dicente):

175 2241 260 2315 «Hic
279 2256 327 2315 cst
342 2242 443 2317 Filius
460 2272 552 2317 meus
567 2244 758 2318 dilectus.»
777 2244 846 2318 Hoc
866 2261 961 2318 antea
975 2246 1179 2346 prophetavit
1193 2245 1311 2330 David,
1329 2245 1439 2318 dicens
1455 2279 1464 2319 ι
1482 2245 1609 2318 s'l'estis
1625 2247 1660 2319 in
1676 2246 1743 2319 Deo

175 2363 362 2437 «fidebat»
383 2363 469 2437 lllud
487 2365 574 2438 enim
589 2367 809 2440 testimonium
825 2367 963 2467 disrupit
980 2368 1095 2440 coelum
1113 2381 1145 2438 et
1164 2382 1283 2439 terram
1305 2367 1489 2450 commovit;
1508 2394 1625 2440 verum
1639 2367 1743 2440 tudaei

175 2501 207 2558 et
223 2485 365 2558 haeretici
381 2515 445 2559 non
464 2487 641 2560 tremefacti
658 2502 745 2561 sunt.

224 2663 292 2738 Vll.
320 2665 449 2766 Accepit
463 2665 620 2765 Spiritum
637 2667 793 2740 Sanctum
819 2666 874 2740 ille
890 2666 947 2768 qui
965 2667 1088 2769 Spiritu
1107 2667 1225 2739 Sancto
1246 2679 1420 2766 conceptus
1446 2678 1543 2738 estet
1559 2666 1744 2765 predicavit

173 2785 323 2858 omnihus
341 2786 397 2888 qui
416 2786 451 2858 in
468 2801 553 2860 terra
578 2814 715 2885 regnum
732 2789 957 2887 exspectabant
983 2789 1148 2862 coelomm.
1168 2787 1244 2860 Haec
1268 2802 1364 2860 antee
1387 2785 1579 2888 prophetata
1602 2801 1678 2860 suut
1702 2787 1742 2860 de

172 2905 315 2992 Christo,
333 2907 414 2980 lsaia
432 2906 557 2980 dicente
575 2939 582 2978 ι
603 2909 767 3010 «Spiritus
783 2909 912 2981 Domini
926 2936 1023 3009 super
1040 2936 1090 2980 me
1108 2935 1146 2980 eo
1164 2909 1254 3007 quod
1270 2908 1396 2980 unxerit
1410 2911 1521 2981 mel.»

222 3025 339 3100 Missus
363 3042 427 3114 est,
453 3041 490 3100 ut
505 3027 621 3111 homo,
644 3029 701 3128 qui
722 3056 742 3102 a
765 3030 859 3102 Patre
887 3028 1006 3102 divisus
1031 3055 1097 3100 non
1121 3041 1185 3112 est,
1208 3041 1245 3100 ut
1269 3029 1373 3112 Deus;
1397 3043 1510 3127 sponte
1532 3057 1591 3102 sua
1616 3056 1743 3130 pauper

169 3147 272 3219 factus
288 3161 335 3218 est
353 3160 385 3219 et
402 3149 600 3247 pauperibus
617 3148 754 3220 salutem
769 3173 970 3248 regnumque
987 3147 1140 3220 coelorum
1153 3146 1347 3245 predicavit.
1474 3149 1479 3160 '

937 3418 971 3487 ll

221 3620 246 3692 l.
274 3619 585 3721 Apprehendemnt⁷
609 3621 712 3695 Judaei
726 3621 905 3705 Christum,
928 3622 1005 3722 quia
1022 3621 1091 3721 ipse
1111 3620 1221 3693 voluit.
1241 3619 1310 3693 Hoc
1334 3621 1448 3693 beatus
1465 3619 1621 3694 Ieremias
1646 3637 1740 3698 antea

170 3741 247 3813 dixit
265 3773 273 3813 ι
298 3742 499 3814 sVenatione
522 3756 677 3843 ceperunt
696 3769 765 3828 me,
782 3756 819 3815 ut
836 3769 942 3828 avem,
959 3741 1080 3813 inimici
1098 3742 1219 3814 mei⁸.n
1235 3741 1301 3813 Cur
1326 3741 1403 3813 divit
1418 3740 1512 3843 quasi
1529 3743 1640 3814 avem?
1656 3744 1739 3826 Ouia

170 3860 445 3960 quemadmodum
472 3862 537 3935 avis
562 3890 628 3935 non
651 3863 801 3935 retribuit
823 3863 996 3935 vindictam
1023 3863 1062 3934 iis
1080 3862 1137 3961 qui
1156 3863 1288 3962 capiunt
1310 3889 1398 3946 eam,
1420 3862 1464 3934 ita
1482 3861 1550 3963 ipse
1575 3861 1737 3949 Christus,

168 3979 268 4052 Filius
293 3982 367 4065 Dei,
392 3982 470 4054 dum
496 3982 719 4082 crucifigerent
746 4011 838 4066 eum,
861 4010 921 4083 pro
946 3982 1068 4055 meritis
1092 3981 1257 4054 carnifices
1281 4009 1347 4054 non
1374 3981 1553 4081 castigavit3
1580 3982 1739 4056 clamabat

168 4102 253 4173 enim
273 4117 305 4174 et
329 4102 456 4176 dicebat
484 4135 492 4176 ι
519 4104 651 4189 «Pater,
678 4105 803 4176 dimitte
825 4103 904 4190 illis,
923 4131 989 4175 non
1015 4103 1101 4176 enim
1126 4103 1231 4174 sciunt
1259 4102 1339 4204 quid
1355 4101 1534 4175 laciunt⁹.n
1555 4103 1624 4175 Hoc
1641 4103 1738 4176 etiarn

166 4221 280 4296 heatus
293 4223 413 4295 Paulus
426 4225 523 4297 divit:
536 4226 597 4298 «Si
608 4226 693 4298 enim
704 4225 942 4323 cognovissent,
954 4251 1122 4324 nunquam
1133 4223 1308 4295 Dominum
1316 4223 1427 4321 gloriae
1439 4223 1737 4296 crucifixissentv.»

167 4343 290 4416 Pilatus
306 4371 380 4417 cum
395 4345 499 4430 torsit,
515 4345 654 4447 Caiphas
664 4347 778 4418 laciem
796 4349 865 4445 ejus
884 4346 1013 4430 cecidit,
1025 4343 1136 4447 (179)
1152 4344 1293 4446 populus
1309 4343 1402 4415 illum
1417 4343 1667 4445 blasphemavit,
1679 4345 1736 4416 sed

168 4465 268 4536 Filius
286 4466 346 4537 Dei
361 4466 429 4537 haec
448 4467 554 4537 omnia
570 4495 683 4568 passus
700 4467 783 4539 nihil
800 4467 976 4567 respondit.
994 4466 1063 4539 Hoc
1083 4466 1180 4538 etiam
1201 4465 1348 4566 praedixit
1364 4465 1479 4538 heatus
1498 4466 1596 4537 lsaias
1615 4497 1623 4538 ι
1644 4466 1736 4564 aEgo

168 4600 300 4657 cautem
319 4614 383 4658 non
411 4586 610 4671 contradico,
639 4601 814 4660 retrorsum
839 4615 906 4660 non
934 4587 1015 4672 abii,
1041 4614 1157 4687 corpus
1182 4613 1291 4658 meum
1319 4585 1394 4658 dedi
1416 4585 1684 4685 percutientibus,
1705 4600 1737 4658 et

168 4733 291 4804 egenas
308 4735 396 4779 meas
414 4705 676 4780 vellentibus¹¹.n
698 4709 778 4792 Quis
797 4723 844 4781 est
865 4735 961 4807 porro
984 4708 1039 4780 ille
1063 4707 1125 4778 nisi
1146 4707 1249 4791 DcuS,
1272 4707 1344 4806 qui,
1367 4721 1461 4807 sputo
1484 4707 1598 4779 emisso
1619 4707 1653 4778 in
1673 4722 1736 4779 ter-

167 4851 252 4926 ram,
269 4827 344 4898 lecit
359 4825 464 4900 lutum
483 4855 556 4899 cum
573 4841 668 4930 sputo
681 4829 780 4929 idque
795 4855 893 4929 super
909 4829 1018 4900 oculos
1032 4854 1158 4928 ponens
1177 4827 1250 4898 caeci
1266 4855 1321 4899 eos
1336 4827 1462 4928 aperuit
1470 4827 1515 4896 ¹²?

204 5076 210 5106 ¹
231 5072 318 5130 Most.
334 5094 367 5140 ιι,
381 5079 429 5140 15,
442 5078 484 5132 ι6.
501 5075 656 5143 Cfrlaoiovn,
669 5097 705 5139 ιι,
723 5095 744 5135 ι.
759 5097 783 5132 ι.
795 5107 834 5118 ·-
852 5075 913 5132 ’Ad
987 5097 1059 5132 mus:
1073 5077 1158 5132 Sancti
1171 5077 1279 5149 Dionysii
1291 5075 1452 5132 Alexandrini
1460 5077 1683 5149 patriurchoe.-⁸
1697 5080 1737 5134 Je-

165 5165 293 5237 Eplvccv'oc,
305 5185 348 5230 ιιι,
360 5169 454 5224 3.-3
469 5167 561 5234 lacios,
574 5190 616 5236 ιι,
629 5175 659 5236 3,
677 5168 765 5225 Manli.
778 5188 822 5234 ιιι,
835 5169 913 5222 3.-
988 5172 1089 5234 remim,
1114 5170 1219 5224 horeat.
1240 5189 1282 5234 ιιι,
1306 5172 1350 5224 δι.
1369 5201 1408 5212 --
1426 5173 1436 5204 '
1455 5167 1515 5224 mc.
1536 5189 1610 5236 ιιιιι,
1630 5172 1677 5226 aa.
1698 5203 1736 5214 -

165 5256 267 5314 ⁴llorc.
282 5279 303 5322 ι,
322 5279 365 5314 ιο.
377 5265 437 5302 -⁸
454 5262 542 5316 onlm.
558 5283 673 5326 ιιιιιιιι,
691 5263 805 5318 38.-·
821 5259 913 5328 lacios,
989 5267 1007 5300 ¹⁰
1026 5265 1037 5318 l
1054 5262 1093 5317 rld
1109 5262 1254 5328 Corinthios,
1269 5282 1301 5328 ιι,
1316 5264 1341 5318 8.
1356 5295 1395 5304 -
1410 5266 1427 5297 ¹¹
1441 5261 1532 5328 laotos,
1552 5284 1575 5330 ι,
1599 5267 1629 5328 5,
1650 5266 1676 5320 6.
1698 5299 1736 5308 -

166 5370 215 5416 ιιι,
235 5371 257 5406 ι.
275 5386 312 5394 -
326 5355 335 5386 ²
350 5353 422 5407 lnitio
436 5354 510 5425 hujus
525 5355 656 5427 fragmenti
673 5356 726 5410 baec
739 5363 834 5410 tautum
849 5355 913 5430 legi·
991 5361 1007 5391 ¹¹
1025 5355 1140 5421 loannes,
1155 5375 1191 5418 ιι,
1209 5360 1233 5411 o.

1531 5507 1578 5560 27.
