3982 6082
258 617 325 659 xxvx
870 585 1221 656 PROLEGOMENA.

309 741 431 814 Praeter
449 739 619 840 epistolam
641 740 684 810 ad
705 739 922 811 Alexandrum
943 735 1338 839 Constantinopolitannm
1361 749 1393 808 et
1414 761 1595 809 sermonem
1615 736 1661 808 De
1683 737 1784 808 unxina
1804 753 1834 808 ct

257 891 391 965 corpore,
410 889 482 963 quae
495 863 564 962 jam
582 874 658 935 nota
679 875 756 934 sunt
779 861 860 933 etin
878 861 973 934 variis
992 858 1236 933 collectionibus
1252 857 1460 959 patrologicis
1482 871 1621 943 exstant,
1637 859 1834 959 proferimus

258 987 441 1083 fragmenta
465 983 613 1085 quadam
637 982 858 1086 homiliarum.
878 983 963 1069 Imo,
986 983 1014 1054 si
1036 981 1306 1055 collectaneorum
1331 992 1516 1052 nostrorum
1539 981 1725 1053 auctoribus
1750 981 1833 1053 fides

258 1107 445 1180 adhihenda
462 1107 519 1190 sit,
532 1104 663 1178 euidens
675 1118 723 1214 est
736 1106 794 1177 has
809 1106 843 1178 S.
858 1103 1029 1177 Alexandri
1046 1102 1196 1175 homilias
1207 1103 1307 1174 fuisse
1320 1100 1499 1202 antiquitus
1514 1100 1662 1174 collectas
1680 1103 1714 1174 in
1728 1129 1834 1174 unum

260 1241 358 1330 atque
383 1229 417 1300 in
444 1228 586 1300 diversas
607 1226 727 1299 classes
748 1221 947 1299 distributas.
972 1224 1100 1297 eI'resn
1123 1223 1237 1296 saltem
1258 1235 1484 1296 memorantur
1502 1223 1657 1296 adversus
1679 1223 1834 1306 Arianos,

259 1377 375 1424 novam
394 1350 548 1421 dicuntur
562 1346 603 1420 de
619 1347 762 1448 quodam
777 1349 858 1420 festo
876 1347 1010 1447 scripta,
1026 1345 1159 1417 alterius
1176 1345 1282 1447 prima
1296 1342 1393 1416 verba
1413 1344 1600 1428 recitantur,
1620 1344 1684 1416 alia
1700 1343 1835 1417 demum

261 1470 380 1543 dicitur
402 1469 566 1569 «quintae
589 1468 798 1541 homiliarum
824 1467 1121 1540 ecclesiasticarum.
1145 1463 1226 1539 Inde
1249 1479 1383 1566 apparet
1407 1466 1508 1538 sancti
1534 1464 1707 1538 Alexandri
1735 1492 1835 1565 opera

262 1592 360 1664 fuisse
376 1591 489 1691 primis
506 1589 655 1663 Ecclesia
671 1590 798 1662 saeculis
816 1590 849 1661 in
865 1616 969 1662 unum
984 1588 1116 1662 collecta
1130 1603 1229 1688 atque
1248 1587 1413 1688 disposita.

987 1871 1108 1950 XVIII

312 2089 434 2162 Praeter
448 2089 573 2161 diversa
588 2077 769 2186 fragmenta
780 2086 886 2187 operia
902 2087 1004 2158 sancti
1020 2083 1177 2157 lIethodii
1190 2083 1236 2156 De
1250 2083 1461 2154 resurrectione
1476 2081 1627 2155 adversus
1640 2078 1834 2179 Origenem,

262 2237 334 2312 quaa
351 2209 424 2310 plus
440 2209 586 2280 minusve
604 2208 702 2279 etiam
716 2233 818 2304 graece
836 2219 1020 2290 notarunt,
1037 2204 1162 2276 edimus
1177 2230 1280 2305 pauca
1296 2203 1446 2303 aliaque
1465 2216 1540 2274 sunt
1552 2204 1685 2276 omnino
1698 2202 1832 2274 inedita.

260 2331 425 2414 Attamen,
446 2357 481 2400 ex
500 2328 703 2401 collectaneis
720 2327 866 2426 syriacis,
886 2324 1038 2398 discimus
1059 2352 1143 2425 opus
1160 2325 1311 2397 adversus
1330 2322 1504 2422 Origenem
1527 2324 1624 2396 fnisse
1642 2323 1780 2395 divhnm
1799 2325 1833 2394 in

260 2451 370 2552 plures
388 2462 556 2534 tractatus,
568 2450 739 2549 quoniam,
751 2447 1089 2548 in'superscriptione‚
1105 2446 1325 2543 fragmentum
1340 2444 1506 2546 quoddam
1520 2445 1637 2516 dicitur
1649 2458 1834 2544 excerptum

261 2599 298 2644 ex
313 2584 449 2643 tractatu
468 2571 573 2642 tertio.
592 2569 717 2641 Inedita
733 2582 809 2639 sunt
825 2595 896 2668 quae
914 2569 1131 2640 desumuntur
1146 2594 1164 2639 e
1181 2580 1319 2639 tractatu
1339 2565 1481 2666 quodam
1497 2565 1532 2636 in
1546 2564 1721 2647 loannem,
1736 2591 1754 2636 e
1770 2591 1836 2634 ser-

263 2685 361 2766 mone
379 2693 413 2764 in
430 2691 674 2775 Ascensionem,
692 2703 724 2762 et
741 2689 892 2773 demum,
909 2715 926 2760 e
943 2688 1061 2760 Decem
1079 2689 1242 2786 virginum
1258 2687 1467 2760 celeberrimo
1485 2685 1656 2787 symposio.
1679 2684 1834 2757 Ultimum

261 2815 480 2912 fragmentum
495 2812 529 2884 in
549 2811 700 2909 originali
718 2836 822 2907 graeco
838 2808 956 2882 nullibi
973 2808 1123 2907 detegere
1140 2809 1241 2881 licuit.

1005 3082 1086 3153 XIII

314 3293 350 3365 S.
367 3291 526 3366 Eustathii
544 3290 737 3366 Antiocheni
760 3303 1055 3364 commemorantur
1077 3301 1230 3362 tractatos
1252 3288 1317 3362 ode
1337 3286 1584 3372 tentationibus,
1605 3299 1758 3361 tractatus
1778 3288 1836 3360 ad-

265 3443 399 3489 aversus
414 3415 609 3499 Photinum,
626 3412 760 3513 epistola
779 3412 821 3484 ad
836 3409 1054 3483 Alexandrum
1071 3408 1340 3492 Alexandrinum,
1353 3406 1484 3479 diversae
1496 3407 1656 3493 homilia,
1673 3434 1836 3480 commen-

264 3537 409 3610 ‹rtarium
427 3537 461 3610 in
479 3535 667 3620 Psalmos‚n
692 3533 820 3633 aliaque
847 3557 948 3631 pauca
974 3529 1088 3601 incerti
1109 3528 1172 3601 loci
1196 3528 1416 3629 proferuntur.
1437 3527 1516 3609 Qua
1541 3529 1650 3600 omnia
1672 3521 1835 3601 illustrant

262 3659 433 3733 historiam
447 3659 640 3758 scriptorum
658 3654 745 3728 tertii
759 3667 790 3726 et
806 3653 917 3753 quarti
931 3649 1050 3723 saeculi.

314 3781 441 3854 Interea
464 3779 617 3852 lectorem
634 3801 768 3849 monere
789 3774 895 3876 placet
911 3773 1130 3870 fragmentum
1149 3769 1184 3842 S.
1203 3766 1364 3840 Eustathii
1386 3769 1537 3842 adversus
1555 3769 1732 3844 Photinum
1755 3773 1834 3844 reci-

264 3901 326 3973 tari
352 3901 473 3973 eisdem
498 3898 631 3970 omnino
655 3897 760 3970 verbis
788 3906 979 3994 conceptum
1003 3905 1099 3991 atque
1125 3889 1238 3963 eodem
1264 3901 1413 3963 ornatum
1436 3889 1531 3962 titulo
1553 3923 1560 3963 :
1585 3890 1733 3964 Adversas
1757 3892 1836 3964 Plo-

265 4022 373 4106 unam,
401 4018 434 4090 id
462 4035 505 4090 eat
524 4017 691 4102 Morinum,
714 4018 748 4089 in
774 4015 882 4088 codice
906 4041 1003 4114 7¹9⁹
1035 4011 1141 4084 Musei
1162 4011 1355 4098 Britannici,
1376 4011 1401 4083 P
1426 4040 1457 4096 1,
1481 4011 1513 4098 b,
1541 4040 1579 4098 a,
1607 4014 1666 4114 qui
1692 4014 1836 4086 continet

263 4142 385 4215 librum
405 4167 503 4241 quem
522 4139 637 4212 Petrus
653 4137 779 4222 Iunior,
798 4136 980 4237 patriarcha
1003 4133 1215 4206 antiochenus
1238 4133 1481 4235 monophysita,
1502 4135 1619 4208 saeculo
1640 4147 1725 4208 serto
1748 4159 1836 4206 com-

264 4263 374 4367 posuit
399 4264 550 4336 adversus
568 4260 774 4332 Damianum.
792 4257 865 4359 (Cfr
880 4257 909 4328 J.
926 4256 959 4329 S.
974 4254 1142 4330 Assemani
1159 4255 1297 4328 Bittiom.
1314 4255 1416 4328 orient.
1438 4268 1462 4328 t.
1481 4255 1527 4342 ΙΙ,
1547 4286 1580 4357 p.
1597 4252 1752 4357 79-82.)
1772 4254 1835 4326 Nec

263 4385 453 4458 dubitamus
475 4383 554 4483 quin
578 4409 615 4453 ex
631 4380 688 4453 illo
710 4379 893 4480 ponderoso
913 4377 1000 4451 Petri
1016 4377 1159 4449 iunioris
1180 4376 1281 4461 libro,
1303 4376 1477 4475 omnigena
1497 4376 1679 4450 eruditione
1700 4375 1834 4457 referto,

264 4521 297 4580 et
311 4507 346 4580 in
366 4533 430 4605 quo
450 4529 542 4605 paene
562 4529 673 4574 ornnes
691 4499 838 4574 Ecclesia
856 4497 966 4573 Patres
984 4499 1218 4583 exscribuntur,
1236 4497 1338 4569 multa
1359 4497 1422 4569 alia
1440 4497 1634 4594 fragmenta,
1651 4491 1835 4566 labentibus

263 4627 406 4711 seculis,
421 4625 456 4697 in
471 4625 666 4696 collectanea
683 4649 815 4694 armena
827 4647 940 4720 syrave
956 4619 1158 4693 defluxerint.
1177 4619 1283 4692 Exstat
1297 4631 1406 4690 autem
1422 4617 1506 4689 liber
1519 4613 1574 4686 ille
1588 4614 1676 4686 Petri
1691 4611 1835 4684 iunioris

265 4751 416 4822 adversus
435 4743 648 4828 Damianum,
668 4742 787 4843 partim
809 4743 843 4813 in
874 4740 1003 4814 duobus
1026 4740 1192 4814 codicibus
1222 4739 1380 4822 romanis,
1409 4750 1506 4837 atque
1530 4735 1630 4806 farma
1651 4734 1777 4832 integer
1800 4733 1836 4806 in

265 4883 405 4973 quatuor
417 4865 583 4943 codicibus
596 4863 700 4938 Musei
717 4861 910 4948 Britannici,
922 4863 956 4935 in
971 4863 1136 4937 codicibus
1154 4886 1271 4958 nempe
1290 4885 1401 4957 7191,
1417 4885 1529 4956 7¹92,
1547 4856 1681 4954 1o591,
1700 4854 1835 4929 111603.

1021 5114 1082 5188 xx

318 5329 365 5402 De
386 5341 496 5403 sancto
517 5329 694 5428 Serapione
709 5325 791 5400 nihil
808 5325 908 5397 ferme
927 5335 1039 5394 notum
1057 5331 1127 5392 erat
1144 5345 1247 5418 usque
1270 5314 1312 5390 ad
1331 5330 1471 5390 nostram
1490 5329 1627 5398 aetatem.
1643 5313 1711 5388 Irno
1726 5313 1833 5414 ipsum
