3980 6084
318 495 384 560 uuo
671 489 841 556 carnuti
870 489 1269 556 ANTliNICAEIIOItUIII
1299 491 1534 556 tnnttc'tt.

1074 731 1142 802 VII

371 902 405 973 ln
422 904 504 974 sune¹
523 901 712 974 saeculorum
729 900 796 972 aad
812 899 1038 999 purgationem
1052 903 1303 998 peccauerunt„
1319 898 1425 969 editus
1442 912 1537 969 estex
1554 899 1655 970 llario
1671 899 1816 995 Virgine.
1827 897 1868 966 Ilei
1911 902 1913 972 ζ

1052 1158 1139 1228 vui

318 1024 481 1120 genitrice.

369 1329 439 1402 Una
458 1327 568 1410 sudes³‚
593 1353 696 1398 unum
716 1326 893 1424 baptisma,
909 1325 1099 1396 resurrectio
1120 1339 1323 1397 mortuorum
1345 1325 1454 1422 cujusl
1476 1323 1625 1424 primitie
1648 1325 1713 1396 luit
1737 1325 1876 1396 Dominus
1918 1336 1920 1414 ζ

301 1461 303 1468 ’
318 1463 424 1524 noster
434 1448 526 1519 Iesus
542 1447 702 1530 Christus,
715 1447 772 1546 qui
790 1459 884 1518 natus
898 1473 934 1517 ex
953 1445 1011 1516 Dei
1026 1445 1179 1542 genitrice
1194 1445 1310 1526 llario,
1327 1445 1496 1517 crucifixus
1514 1460 1577 1526 est,
1590 1446 1755 1544 tertiaque
1771 1445 1877 1538 dierc-
1920 1462 1922 1532 ζ

317 1569 452 1640 surrexit
469 1595 486 1640 a
507 1568 651 1640 mortuis.
1923 1648 1924 1680 1

1075 1707 1123 1778 IX

367 1873 449 1948 'Cum
468 1877 537 1948 bis⁵
553 1876 713 1948 credimus
728 1888 760 1947 et
775 1874 809 1946 in
820 1875 1086 1946 resurrectionem
1103 1886 1304 1947 mortuorum
1322 1870 1411 1943 illam
1430 1875 1521 1970 cujus
1534 1872 1682 1970 primitie
1699 1873 1764 1944 fuit
1783 1871 1881 1944 Domi·
1927 1896 1929 1986 ¹,

310 2024 377 2071 nus
397 2013 504 2070 noster
515 1998 608 2070 lesus
623 1997 784 2080 Christus,
801 1996 855 2097 qui
872 2023 944 2068 uera
963 2009 995 2067 et
1008 2021 1072 2066 non
1087 2007 1212 2066 tantum
1227 1993 1370 2093 putative
1386 1992 1491 2064 induit
1506 2019 1631 2092 corpus.
1647 1995 1683 2064 In
1699 1993 1769 2066 fune
1785 2007 1880 2064 autem
1929 2020 1931 2114 ¹,

317 2118 458 2202 dierum,
479 2117 520 2190 ad
539 2119 789 2218 repurgationem
806 2121 1055 2215 peccatorum⁶n
1068 2115 1317 2188 natusesthei
1336 2114 1489 2210 genitrice
1502 2113 1620 2196 Maria,
1634 2115 1722 2186 uenit
1733 2115 1776 2185 ad
1791 2139 1882 2210 genus
1931 2144 1932 2188 t

315 2239 512 2321 humanum,
532 2238 716 2320 crucifixus,
733 2249 944 2336 mortuusque
966 2249 1013 2308 est
1032 2235 1111 2336 quin
1130 2249 1239 2307 tamen
1258 2263 1275 2305 a
1295 2235 1459 2307 diuinitate
1478 2261 1536 2305 sua
1554 2233 1716 2306 exciderit.
1738 2231 1851 2336 (20l)

987 2449 1212 2459 ’-
1935 2455 1939 2622 l

1025 2679 1176 2771 uvuu
1534 2801 1536 2806 Ι
1940 2704 1941 2744 u

814 2921 1037 2994 Sanctus
1067 2913 1390 2994 Mnunonlus⁷.

1084 3274 1123 3357 ¹0

538 3426 806 3497 FRAGMENTA
833 3427 892 3492 ux
919 3425 1111 3496 SYRIACII
1137 3425 1363 3494 VERSIONII
1388 3425 1660 3495 uetustati.

1095 3620 1109 3690 I

455 3779 490 3822 uu
507 3777 592 3822 uruuo
604 3777 641 3821 ua
654 3775 888 3822 uusouuuunoue
906 3776 1016 3822 courm
1034 3775 1200 3832 oauoeuuu,
1216 3777 1266 3829 our
1286 3775 1369 3821 uruca
1388 3777 1518 3823 rocurun
1537 3735 1748 3844 bytoopdut

368 3910 431 3980 Nos
448 3933 561 4009 porro,
581 3933 647 3978 non
671 3907 761 3981 aliud
783 3933 898 4006 corpus
921 3935 1018 4008 quarn
1034 3907 1118 3979 illud
1134 3933 1200 4007 quo
1219 3906 1325 3979 induti
1342 3935 1454 3980 sumus
1477 3907 1674 3981 affirmamus
1695 3908 1887 3982 induturum

317 4028 592 4128 incorruptionem
612 4040 645 4100 et
660 4028 953 4127 immortalitatem,
969 4026 1247 4128 quemadmodum
1270 4028 1398 4128 sapiens
1411 4029 1549 4114 Paulus,
1568 4027 1705 4128 loquens
1726 4029 1791 4100 illis
1806 4055 1889 4130 quos

317 4149 357 4220 ad
386 4149 485 4220 risum
507 4147 680 4221 movebant
703 4149 749 4220 roi
771 4147 991 4232 difficultates,
1011 4175 1076 4221 non
1100 4161 1226 4220 tantum
1247 4149 1398 4230 asseruit,
1417 4149 1472 4222 sed
1496 4149 1737 4248 demonstrauit,
1756 4149 1886 4222 dicens:

317 4269 479 4369 «Oportet
501 4269 588 4340 enim
607 4269 816 4369 corruptibile
836 4270 898 4342 hoc
921 4271 1057 4342 induere
1078 4269 1371 4368 incorruptionem,
1391 4285 1423 4342 et
1445 4270 1579 4358 mortale
1593 4270 1655 4342 hoc
1672 4268 1808 4342 induere
1829 4271 1889 4343 im-

318 4389 627 4464 «mortalitatem

354 4605 360 4635 ¹
382 4600 698 4674 inscribiturlragmentum
706 4601 852 4655 :Alexandri
856 4601 1065 4674 epiecopidlcaua·
1140 4601 1245 4655 dicitur:
1263 4601 1433 4674 Philosophus,
1445 4605 1567 4676 ορίοεορω
1581 4601 1660 4674 Lyctia
1672 4613 1694 4656 et
1707 4611 1809 4674 iaortyr,
1822 4611 1853 4656 ut
1864 4604 1890 4656 in

316 4695 388 4748 driui.
401 4726 438 4735 —
449 4696 459 4727 ¹
474 4691 513 4747 Ad
523 4691 645 4755 Hebroeua,
657 4711 679 4756 ι,
694 4694 719 4748 3.
733 4725 770 4734 -
782 4697 792 4727 ³
802 4694 839 4748 Eu
850 4695 955 4768 excerpti
963 4695 1064 4748 titulus:
1141 4693 1212 4748 titulo
1222 4694 1298 4766 bujua
1307 4695 1448 4768 fragmenti.
1461 4694 1504 4751 cn
1517 4696 1581 4750 Dum
1597 4695 1626 4750 Il.
1637 4695 1744 4759 (Icillier,
1755 4693 1819 4749 Hiat.
1830 4699 1889 4767 gelu.

317 4787 400 4840 Sancti
414 4785 561 4850 Alexandri,
570 4784 719 4859 patr-imolae
737 4783 910 4850 Alexandrini,
922 4807 953 4840 ac
967 4787 1065 4840 bomilia
1139 4785 1180 4839 dau
1196 4797 1297 4841 autem
1313 4788 1369 4841 eccl.
1388 4788 1436 4850 III,
1449 4807 1474 4862 p.
1489 4789 1523 4843 lia
1538 4798 1563 4844 et
1573 4807 1672 4862 auq.-
1684 4790 1694 4821 ⁸
1704 4789 1847 4844 Tractatum
1862 4791 1890 4845 S.

316 4880 474 4934 eocteaioatica
488 4898 543 4954 qua
551 4890 587 4933 eat
597 4879 691 4954 quintu.
700 4880 757 4919 -⁴
774 4877 835 4934 Idd
851 4877 957 4934 conon
972 4899 1009 4942 ur,
1019 4898 1063 4936 uo.
1140 4877 1260 4936 ldatbodii
1273 4879 1304 4935 da
1317 4879 1496 4936 Itaauunctiom
1511 4881 1696 4956 Aglaopbonem
1716 4887 1889 4955 nuncupatum

316 4976 377 5014 „u
397 4971 440 5027 co
458 4973 554 5048 iligna,
574 4971 664 5028 Patrai.
691 4971 735 5027 Gr.
759 4971 850 5034 XVIII,
869 4971 915 5026 col.
936 4973 999 5028 568.
1022 4973 1064 5026 In·
1140 4969 1215 5028 luiaua
1231 4991 1259 5028 er
1276 4974 1376 5028 nomine
1391 4975 1466 5030 unius
1479 4975 1683 5032 interlocutorum
1696 4973 1809 5048 partibus
1828 4973 1889 5030 Ori-

316 5066 433 5119 acuibitur
444 5065 624 5141 lragmentum:
638 5065 750 5138 &uadem
763 5084 794 5118 aa
805 5064 904 5138 epicteto
916 5065 949 5118 ad
960 5063 1064 5118 Alcaeo·
1139 5065 1211 5136 penio
1229 5067 1423 5131 adherentium,
1442 5066 1533 5140 liquet.
1547 5068 1591 5124 etei
1611 5068 1637 5122 in
1654 5067 1780 5124 codicibus
1799 5071 1888 5141 grecis

316 5157 387 5210 drum
406 5155 645 5229 Cumtontiuopoleoa.
671 5161 725 5198 -⁸
743 5157 783 5212 Ad
796 5157 922 5222 Hebrum,
940 5176 962 5218 u,
981 5158 1008 5210 3.
1025 5189 1063 5198 --
1139 5159 1226 5214 titulus
1244 5161 1290 5214 iste
1309 5159 1397 5216 nullibi
1414 5168 1540 5234 appareat.
1555 5193 1592 5202 -
1608 5165 1618 5193 ⁹
1637 5163 1647 5215 I
1669 5160 1707 5215 dd
1722 5159 1829 5214 Curiatii.
1849 5180 1886 5220 xv,

318 5250 327 5280 ⁷
342 5251 446 5304 Sanctus
456 5249 609 5312 Methodina,
621 5251 647 5306 in
660 5249 787 5304 codicibus
802 5251 1062 5322 syriaciotgommuim
1141 5254 1185 5306 53.
