3982 6082
754 483 758 492 ¹
805 535 1156 604 uuouuconuuc.
1687 569 1767 614 aava

193 711 316 757 nornen
339 682 568 782 ignorabatur,
589 683 652 755 nisi
674 683 757 756 iorte
777 683 936 756 Tbmniloe
958 685 1128 786 episcopus
1153 687 1194 760 sit
1215 687 1301 760 idem
1325 716 1362 761 ac
1387 688 1525 791 scriptor
1547 691 1588 764 dc
1610 718 1676 793 quo
1701 696 1769 793 agit

195 807 279 878 Dorn
297 805 398 905 Bemy
416 804 546 878 Ceillier
565 801 714 905 (Hemina
727 804 777 876 dcc
798 822 920 878 camare
941 807 1180 907 eccldaimtiqucs,
1202 809 1256 894 lV,
1276 807 1379 912 332).
1402 811 1553 885 Homiliae
1572 813 1613 886 de
1633 815 1770 913 virgini-

193 937 277 1010 tate,
299 925 441 1026 epistolae
470 924 512 998 ad
533 927 729 1000 confessores
754 938 852 1028 atque
874 940 1028 1002 tractatus
1052 928 1189 1028 alicujus
1212 931 1327 1005 incerti
1349 931 1435 1006 tituli
1460 934 1641 1034 fragmenta
1664 964 1767 1037 pauca

195 1047 385 1122 deteximus.

922 1335 923 1338 ’
940 1314 1021 1387 XXI

194 1573 195 1578 κ
247 1532 476 1607 Collectionem
491 1547 636 1608 nostram
646 1535 922 1610 antenicaenorum
935 1537 1068 1610 Patrum
1084 1538 1255 1613 absolvunt
1266 1567 1407 1614 canones
1419 1541 1517 1614 trium
1530 1541 1765 1628 conciliarum,

195 1682 312 1756 nempe
322 1655 542 1729 Consiliorum
552 1657 685 1756 Ancyrae
695 1658 730 1730 iu
741 1658 882 1742 Galatia,
896 1659 1108 1732 Neocaesarea
1123 1659 1157 1732 iu
1171 1661 1276 1734 Ponto
1292 1676 1324 1735 et
1333 1663 1445 1736 Nicaeae
1455 1664 1490 1736 in
1505 1663 1667 1763 Bithynia.

246 1776 295 1849 De
320 1777 564 1850 collectionibus
587 1805 748 1851 canonum
771 1778 1060 1853 ecclesiasticorum
1085 1782 1173 1881 apud
1194 1781 1376 1856 Orientales
1401 1811 1530 1858 necesse
1552 1812 1619 1858 uon
1645 1800 1692 1859 est
1714 1785 1767 1858 bie

194 1925 307 1994 agere,
319 1898 475 1999 quoniam
491 1899 584 1971 multi
595 1900 665 1999 jam
678 1899 719 1972 de
731 1900 793 1972 boc
809 1915 1000 1998 argumento
1014 1901 1108 1974 docta
1121 1929 1220 2002 opera
1232 1904 1404 2003 scripsere,
1417 1919 1533 2004 praeter
1545 1906 1685 1979 editores
1703 1907 1768 1979 col-

193 2017 370 2092 lectionum
379 2019 601 2094 conciliorum.
616 2021 664 2092 De
674 2021 751 2118 jure
764 2022 852 2121 apud
869 2020 995 2094 Graecos
1010 2023 1233 2097 disseruerunt
1247 2025 1450 2123 potissimum
1462 2026 1603 2098 loannes
1616 2025 1767 2099 Athenas

194 2139 362 2214 Fabricius
379 2140 525 2213 intumis
545 2141 586 2213 Xl
605 2156 637 2215 et
655 2141 711 2214 llll
732 2141 917 2215 Bibliothecae
931 2170 1037 2242 greca
1050 2143 1085 2215 de
1095 2147 1170 2244 jure
1180 2172 1420 2242 greco-romana
1438 2161 1469 2219 et
1485 2146 1767 2220 Eminentissimus

194 2261 377 2335 Cardinalis
398 2261 487 2334 Pitra
509 2262 543 2335 in
564 2261 650 2334 luris
671 2263 854 2335 ecclesiastici
877 2263 1049 2336 Graecorum
1068 2264 1191 2336 tunna
1217 2283 1245 2336 ct
1268 2267 1475 2350 mouumentic‚·
1501 2267 1580 2339 dum
1600 2268 1630 2340 J.
1652 2267 1766 2340 Simon

193 2382 387 2455 Assemanus
399 2381 599 2469 Orientales,
610 2384 724 2484 Syros,
735 2384 1068 2485 inquam,Amreuos‚
1082 2385 1290 2487 Coptitasque
1303 2388 1412 2487 potius
1424 2401 1499 2462 aute
1515 2389 1624 2461 oculos
1634 2388 1767 2475 babuit,

193 2503 229 2575 in
243 2530 302 2574 sua
323 2502 501 2575 Bibliotheca
513 2503 599 2604 juris
619 2504 768 2576 aemulis
787 2506 919 2577 canonici
938 2523 966 2578 ct
986 2505 1088 2578 n'cilir.
1110 2506 1207 2589 Quod
1230 2519 1353 2606 spectat
1371 2507 1414 2580 ad
1435 2507 1640 2581 collectiones
1657 2510 1763 2581 orien-

193 2623 289 2710 tales,
300 2625 477 2725 presertim
495 2625 660 2725 antiquas,
677 2653 840 2699 canonum
858 2641 890 2699 et
906 2627 948 2699 ad
961 2627 1148 2700 earumdem
1161 2627 1304 2715 codices,
1319 2627 1405 2701 banc
1420 2629 1619 2729 provinciam
1636 2630 1763 2728 egregie

193 2773 363 2846 aggressus
380 2760 428 2819 est
443 2747 480 2819 B.
500 2746 660 2820 Revillout
678 2747 713 2818 in
730 2746 836 2820 Dinia
853 2747 973 2821 asiatico
984 2749 1154 2849 par-iriensi.

247 2867 447 2952 Generatim,
468 2879 505 2940 ut
526 2893 639 2940 omnes
661 2881 797 2953 norunt,
820 2895 962 2943 canones
988 2870 1194 2944 ecclesiastici
1218 2897 1285 2944 non
1311 2871 1575 2973 apponunturiu
1599 2871 1765 2944 codicibus

194 2988 309 3062 ordine
328 2989 574 3088 chronologico,
587 2990 645 3062 sed
665 2991 796 3076 ordine,
817 3004 855 3063 ut
875 2991 920 3063 ita
941 2991 1064 3077 dicam,
1085 2991 1302 3079 hierarchic03
1323 3019 1400 3066 nam
1416 3018 1557 3066 canones
1573 2993 1708 3078 Nicaeni,
1728 3007 1765 3066 ut

194 3110 381 3184 observatur
402 3111 437 3182 iu
454 3109 614 3183 Analectis
629 3111 762 3197 uostris,
776 3111 896 3212 pagina
912 3112 1002 3197 ttt,
1021 3125 1179 3213 spropter
1193 3113 1416 3186 auctoritatem
1437 3141 1562 3213 maguae
1581 3127 1764 3216 seuctaeque

194 3231 334 3330 «synodi
343 3231 495 3318 Nicaenae,
506 3232 611 3334 primo
622 3231 692 3305 loco
703 3232 856 3332 descripti
871 3246 982 3306 sunta.
996 3232 1120 3306 Deinde
1132 3232 1291 3306 accedunt
1302 3261 1441 3307 canones
1451 3235 1582 3334 Ancyra
1592 3236 1627 3308 in
1639 3235 1764 3308 Galatia

193 3367 291 3454 atque
312 3379 452 3426 canones
469 3354 680 3426 Neocaesarea
698 3353 732 3426 in
748 3353 868 3436 Pouto;
893 3353 987 3427 nobis
1008 3367 1117 3427 autern
1140 3353 1288 3428 ordinem
1308 3355 1574 3452 chronologicum
1595 3358 1763 3430 restituere

175 3474 331 3575 placuit,
359 3473 447 3546 uude
470 3475 576 3576 primo
603 3474 675 3548 loco
701 3502 841 3548 canones
864 3476 1012 3576 Ancyrae,
1037 3474 1180 3549 secundo
1212 3502 1352 3550 canones
1375 3477 1585 3550 Neocaesareae
1608 3488 1640 3549 et
1669 3479 1763 3550 tertio

193 3595 324 3668 demum
339 3595 410 3668 loco
428 3622 567 3669 canones
582 3596 693 3668 Nicaeae
709 3597 878 3697 posuimus
889 3601 912 3668 ¹.

245 3716 432 3791 Canonibus
444 3717 575 3815 Ancyra
591 3729 621 3790 et
637 3717 848 3790 Neocaesareae
860 3718 1035 3818 praeficitur
1047 3718 1211 3817 catalogus
1225 3720 1358 3792 Patrum
1373 3719 1432 3819 qui
1445 3732 1618 3820 presentes
1631 3719 1764 3792 luerunt

193 3835 244 3909 his
261 3837 424 3911 Conciliis.

244 3959 841 4062 CanonibosNicaenispraemittuntur,
858 3962 1017 4034 innostra
1036 3961 1240 4048 collectione,
1258 3972 1289 4033 ιο
1301 3962 1631 4060 notachronologica,
1649 3973 1682 4034 a⁰
1694 3963 1765 4061 epi-

192 4075 273 4150 stola
291 4077 441 4180 quaedam
459 4079 662 4152 Constantini
681 4081 883 4183 imperatoris
900 4082 942 4154 ad
955 4081 1066 4155 Patres
1077 4079 1229 4167 Concilii,
1248 4084 1283 4154 3⁰
1297 4081 1479 4180 symbolum
1495 4080 1586 4166 fidei,
1610 4084 1643 4154 b⁰
1658 4081 1764 4153 brevis

192 4199 323 4272 historia
336 4200 518 4300 dogmatica
530 4228 639 4274 rerum
651 4215 814 4301 gestarum
831 4203 866 4274 in
880 4202 1041 4288 Concilio,
1054 4205 1086 4275 5⁰
1099 4203 1231 4276 demum
1240 4215 1317 4275 nota
1328 4202 1477 4303 quaedam
1493 4202 1534 4275 de
1549 4200 1764 4274 celebratione

191 4320 366 4394 Pascbatis.
387 4320 634 4396 Observandum
652 4350 726 4397 vero
745 4336 794 4396 est
810 4323 879 4396 brec
899 4322 1044 4424 quinque
1061 4323 1256 4396 documenta
1273 4324 1408 4423 reperiri
1426 4336 1552 4395 tautum
1569 4322 1601 4394 in
1622 4349 1688 4395 uno
1709 4350 1765 4394 co-

192 4441 262 4514 dice
279 4443 401 4542 syriaco
418 4443 604 4544 parisiensi,
620 4443 696 4518 licet
713 4445 774 4518 tria
793 4445 903 4544 priora
921 4445 1056 4517 existant
1068 4444 1165 4517 etiam
1183 4457 1252 4517 tum
1272 4444 1307 4517 in
1330 4444 1439 4517 codice
1453 4443 1647 4545 perantiquo
1660 4442 1764 4516 Musei

191 4563 386 4650 Britannici,
409 4578 479 4637 tum
499 4564 535 4637 iu
558 4566 684 4667 coptitis
704 4566 902 4639 membranis
923 4593 1004 4667 quas
1029 4565 1188 4662 evulgavit
1211 4567 1248 4638 Ε.
1278 4565 1439 4638 Bevillout
1463 4565 1496 4636 in
1516 4563 1623 4636 Dian'o
1646 4564 1765 4636 asiatico

187 4684 382 4784 parisiensi&

230 4949 237 4979 ¹
258 4946 366 5010 Quidam
381 4948 471 5003 borum
485 4967 607 5004 mannum
620 4950 672 5022 jana
686 4947 833 5024 prodierunt
844 4951 870 5005 in
886 4947 939 5005 Na·
1014 4947 1097 5006 heusis
1109 4949 1250 5026 episcopus,
1263 4951 1290 5006 in
1303 4969 1348 5005 suo
1363 4947 1538 5014 Nomacaraanc,
1550 4948 1582 5003 de
1595 4946 1704 5003 Concilio
1719 4948 1764 5002 Ni-

190 5058 316 5094 mocaaoec
329 5040 470 5096 Ebed-lesu
482 5041 599 5097 Sobensia
611 5050 635 5097 et
644 5042 671 5095 in
686 5042 759 5097 Libra
772 5043 939 5107 mannaan,
1014 5063 1095 5109 ceno,
1105 5051 1181 5119 atqm
1192 5045 1224 5100 de
1236 5047 1290 5117 ejus
1301 5044 1376 5118 gestis
1390 5049 1416 5096 et
1427 5040 1550 5097 Patribus.
1563 5039 1622 5112 (Cir
1632 5040 1695 5114 Aug.
1704 5039 1764 5094 Maii

192 5133 306 5207 Gregorii
322 5134 496 5190 Bar-Hebraei.
505 5135 571 5207 (Cir.
582 5137 644 5210 Aug.
654 5135 715 5190 ldaii
732 5135 884 5210 Smptorcen
900 5155 941 5192 ec-
1015 5136 1131 5210 Scn'ptar.
1144 5148 1188 5192 act.
1201 5157 1254 5192 noa.
1267 5137 1356 5191 collect.
1367 5135 1445 5208 lll,p.
1460 5135 1561 5207 sobo.)
1570 5132 1663 5188 Verum
1680 5139 1763 5187 nostra

191 5237 269 5280 teram
277 5245 338 5281 noca
350 5228 439 5283 collect.
453 5236 470 5284 t.
484 5229 540 5302 ill.)
670 5239 673 5246 '
1015 5237 1108 5304 quiante
1122 5238 1241 5304 superent
1257 5249 1286 5284 ea
1297 5247 1353 5303 quse
1367 5227 1446 5284 edidit
1457 5227 1614 5283 doctissimus
1626 5225 1765 5282 Cardinalis

229 5323 239 5353 ²
257 5319 312 5375 lam
332 5319 376 5376 diu
393 5331 450 5378 nota
465 5330 525 5378 sunt
540 5341 596 5396 qua
608 5323 715 5378 nenati!
732 5321 887 5388 suad-tau,
900 5343 940 5378 so-
1015 5323 1111 5388 Maius,
1125 5323 1196 5379 iacile
1212 5322 1343 5397 perspiciet
1357 5322 1403 5396 qui
1415 5321 1509 5377 diversa
1522 5321 1611 5396 scripta
1624 5318 1764 5375 contulerit.
