4006 6098
245 597 311 698 668
591 587 764 660 ΡΑΤΒΠΜ
795 594 1196 662 ANTENlCAENOllUll
1228 597 1466 664 anitttcTt.

243 750 338 840 gens!
360 741 477 826 Maria,
501 743 688 841 mysterium
713 743 815 814 crucis
838 756 871 813 et
892 744 982 842 pacis
1004 745 1149 816 initium!
1177 745 1295 828 Maria,
1318 745 1380 818 vita
1405 745 1535 830 mundi,
1556 747 1646 844 virgo
1675 748 1814 821 sanctis-

243 863 339 935 sima!
360 863 477 946 Maria,
497 889 614 961 sponsa
634 863 754 946 Patris,
781 863 909 963 requies
935 865 1024 948 Filii,
1044 866 1167 966 Spiritu
1191 866 1364 937 mundata!
1389 867 1508 950 llaria,
1525 893 1581 938 ιοι
1607 869 1814 952 nuntiorum,

245 984 348 1080 ligura
365 983 538 1055 mirabilis!
558 984 675 1068 Maria,
689 983 790 1056 rubus
806 984 1008 1057 incombusta
1020 1041 1028 1068 ,
1040 1013 1158 1083 magna
1174 987 1259 1059 inter
1279 989 1456 1059 creaturas!
1476 987 1594 1070 Maria,
1610 1003 1814 1088 peccatorum

244 1104 396 1176 advocata
430 1105 517 1204 apud
541 1104 659 1176 Filium
683 1108 796 1177 suurn!
819 1105 938 1190 Maria,
960 1107 1049 1179 navis
1073 1133 1188 1192 aurea,
1211 1108 1333 1179 nardus
1355 1108 1519 1206 fragrans!
1545 1109 1664 1193 Maria,
1686 1111 1814 1208 signum

159 1223 163 1230 ’
244 1227 462 1299 renovationis
480 1225 640 1299 fidelium!
666 1226 786 1310 Maria,
808 1227 917 1299 oleum
936 1229 1037 1300 nardo
1060 1228 1210 1327 plenum!
1235 1226 1352 1312 Maria,
1377 1255 1497 1301 corona
1522 1228 1684 1315 Ecclesiae,
1704 1259 1815 1304 murus

244 1347 518 1448 inexpugnabilis!
543 1347 662 1432 Maria,
689 1349 846 1449 amphora
872 1375 970 1422 aurea
995 1376 1115 1421 manna
1142 1350 1253 1449 plena!
1278 1349 1397 1434 Maria,
1412 1349 1502 1450 pysis
1529 1349 1814 1424 odoramentorum

244 1468 406 1541 suavium!
436 1469 557 1553 Maria,
587 1468 690 1567 gloria
716 1469 847 1554 mundi,
878 1469 957 1542 tuba
985 1472 1220 1544 creaturarum!
1246 1470 1366 1552 Maria,
1392 1471 1490 1542 laude
1513 1484 1544 1542 et
1566 1471 1668 1570 gloria
1698 1473 1812 1569 digna!

244 1587 364 1672 Maria,
385 1591 499 1660 nuntia
515 1589 692 1664 sanctitatis
709 1603 741 1662 et
759 1590 884 1688 gratias!
905 1590 1024 1675 Maria,
1044 1591 1217 1664 testimonii
1232 1605 1336 1663 statua
1353 1592 1438 1664 inter
1452 1591 1579 1662 Judaeos
1600 1606 1630 1663 et
1645 1591 1813 1664 Ethnicos!

245 1709 364 1799 Maria,
389 1709 474 1782 scala
499 1709 651 1792 coelestis,
674 1711 853 1784 seeundum
879 1710 1073 1782 Patriarchae
1095 1710 1242 1784 dictum:
1268 1712 1453 1784 «Dominus
1476 1726 1523 1785 est
1547 1711 1581 1783 in
1603 1711 1673 1784 loco
1696 1713 1815 1788 istob»

247 1829 330 1902 lllud
354 1845 401 1904 est
415 1831 549 1904 verbum
567 1831 656 1930 quod
681 1827 760 1904 dixit
781 1831 939 1904 Dominus
961 1833 1107 1905 omnium
1132 1864 1140 1903 ε
1161 1831 1280 1904 chlulti
1304 1833 1470 1932 prophete
1488 1847 1519 1906 et
1539 1833 1620 1932 justi
1643 1834 1817 1933 cupierunt

247 1949 379 2023 svidero
403 1979 474 2052 quae
492 1979 546 2024 ros
568 1951 681 2025 videtis
704 1967 736 2025 et
758 1952 1005 2038 subsiderunt,
1022 1953 1182 2026 etaudire
1204 1981 1276 2054 quac
1302 1952 1420 2025 auditis
1448 1967 1480 2026 et
1502 1980 1568 2026 uon
1585 1953 1816 2026 audierunt².n

246 2073 500 2173 lustramentum
532 2072 684 2146 musicale
715 2073 880 2173 primurn,
904 2088 996 2174 petra
1033 2102 1152 2176 aquam
1176 2075 1337 2159 lundens,
1365 2074 1608 2147 tabernaculum
1638 2075 1815 2146 mosaicum

246 2195 421 2266 testimonii
443 2193 575 2268 nomine
600 2192 739 2280 dictum,
758 2193 910 2267 omnibus
932 2209 1099 2280 ornatum,
1124 2195 1241 2298 inquo
1267 2197 1423 2269 Sanctum
1445 2209 1629 2268 sanctorum
1655 2209 1686 2268 et
1705 2194 1816 2292 gloriae

246 2312 439 2399 Cherubim,
456 2329 590 2387 ornatus
609 2313 780 2388 sacerdotii
794 2314 1078 2416 splendidissimus
1097 2316 1129 2388 in
1148 2345 1213 2418 quo
1229 2317 1456 2389 revelationes!
1474 2317 1582 2398 Nunc,
1597 2316 1625 2388 si
1640 2317 1703 2388 Lex
1724 2344 1817 2417 spae-

246 2435 417 2533 ‹cdagogus
438 2437 499 2508 luit
514 2436 608 2509 nobis
626 2436 661 2507 in
683 2435 855 2508 Christo³n
870 2449 902 2508 et
921 2436 949 2507 si
971 2437 1057 2509 rhei
1072 2437 1232 2510 bonorum
1249 2438 1433 2510 futurorum
1455 2437 1637 2536 figuramls
1655 2436 1814 2537 possedit,

247 2570 282 2627 ut
306 2556 351 2628 ait
372 2556 487 2628 beatus
511 2556 648 2640 Paulus,
668 2557 832 2656 quomodo
855 2555 1011 2658 culpandi
1038 2585 1196 2640 essemus,
1220 2586 1256 2630 ex
1283 2559 1366 2654 Lege
1392 2587 1410 2630 a
1433 2558 1500 2630 Deo
1528 2558 1644 2658 scripta
1672 2557 1818 2631 homini-

245 2678 372 2777 busque
393 2675 426 2748 in
445 2677 644 2778 adjutorium
665 2693 696 2750 et
713 2679 747 2750 in
765 2676 901 2750 salutem
917 2676 1024 2780 (16⁴2)
1041 2676 1132 2762 data,
1145 2692 1321 2752 asserentes
1337 2693 1479 2750 sanctam
1490 2679 1655 2777 Virginem
1669 2680 1816 2751 omnium

244 2799 408 2872 bonorum
432 2826 500 2870 esse
523 2800 673 2871 eausam?
698 2800 777 2882 Ouae
801 2813 878 2872 sunt
902 2801 989 2873 enim
1005 2787 1113 2873 lutura
1134 2802 1239 2887 bona,
1265 2827 1405 2902 quorum
1429 2801 1490 2872 Lex
1513 2814 1581 2873 erat
1608 2801 1729 2898 figura,
1755 2801 1817 2872 nisi

245 2919 392 2992 omniurn
406 2919 569 2992 bonorum
585 2947 698 3004 causa,
715 2919 887 2994 cherubico
901 2921 1027 2994 honore
1043 2921 1140 3020 digna
1158 2921 1280 2994 llarial

297 3039 326 3114 Ο
344 3039 441 3140 Virgo
459 3041 676 3127 sanctissima,
693 3043 753 3115 Dei
774 3041 869 3115 Verbi
886 3056 999 3129 mater,
1017 3071 1037 3115 a
1058 3070 1124 3142 quo
1145 3043 1249 3116 illuxit
1264 3042 1438 3115 divinitatis
1458 3041 1528 3128 lux,
1546 3042 1639 3114 Jesus
1653 3041 1817 3126 Christus,

245 3161 301 3262 qui
326 3175 373 3234 est
395 3162 481 3234 Deus
504 3163 538 3235 in
564 3163 731 3250 omnibus,
754 3164 806 3237 oui
830 3164 934 3262 gloria
959 3192 1033 3238 cum
1054 3165 1150 3239 Putre
1179 3165 1452 3265 Sanctissimoque
1477 3165 1619 3265 Spiritu,
1641 3165 1676 3236 in
1700 3163 1817 3238 secuta

244 3282 451 3356 secutorum!
469 3285 582 3356 Amen.

985 3541 1073 3611 Vlll

466 3711 601 3774 SERMO
622 3710 901 3774 etnuurmctts
922 3712 962 3774 IN
985 3711 1182 3774 HONOREM
1203 3710 1344 3773 snncrt
1366 3709 1593 3774 sruPntmt

297 3890 321 3962 l.
351 3891 459 3964 111ιὶ5ὓ
477 3891 592 3964 divine
607 3891 718 3988 gloriae
736 3892 982 3992 splendoribus,
1002 3893 1135 3966 theoriis
1150 3905 1249 3993 atque
1266 3891 1484 3994 voluptatibus
1507 3919 1579 3964 cum
1600 3889 1718 3988 dignus
1736 3889 1819 3962 luis-

245 4026 293 4082 set
310 4011 442 4084 habitus
462 4011 665 4084 veremudus
688 4010 891 4112 Stephanus,
910 4013 954 4085 ita
972 4013 1169 4110 glorificatus
1191 4012 1350 4113 bonisque
1370 4011 1553 4084 cumulatus
1572 4011 1682 4084 Sancti
1700 4037 1817 4110 nempe

247 4131 387 4232 Spiritus
404 4132 581 4230 gratiarum
603 4132 737 4204 lucifera
756 4133 929 4218 allusione,
948 4135 989 4206 ab
1012 4132 1207 4232 agonotheta
1227 4131 1354 4205 Christo
1376 4129 1525 4204 sublatus
1544 4146 1593 4205 est
1609 4145 1707 4232 atque
1725 4157 1819 4204 coro-

246 4268 341 4327 natus
368 4253 458 4326 sedet
479 4281 574 4355 supra
600 4255 754 4327 sublimes
775 4256 976 4355 Apostolos⁷‚
996 4255 1151 4357 quoniam
1168 4254 1294 4354 primus
1318 4267 1415 4353 atque
1434 4252 1674 4354 'primogenitus
1697 4267 1819 4350 marty-

245 4402 317 4446 rum
335 4375 408 4447 fuit.
423 4374 565 4448 Mirabili
585 4401 642 4448 sua
653 4432 661 4460 ,
674 4390 742 4448 tum
759 4377 894 4459 anime,
909 4390 978 4448 tum
991 4376 1135 4477 corporis
1150 4375 1294 4448 castitate
1308 4371 1504 4455 elevabatur,
1517 4379 1698 4472 atque'non
1711 4372 1817 4444 solum

245 4495 406 4579 castitate,
425 4521 536 4567 rerum
552 4509 583 4568 et
601 4498 731 4595 egregia
749 4504 922 4571 armatura
936 4497 1076 4570 robuste
1090 4497 1191 4598 ipsius
1210 4494 1303 4581 fidei,
1317 4522 1381 4596 qua
1399 4493 1516 4566 melius
1537 4490 1619 4564 nihil
1638 4493 1710 4564 l'uit.
1726 4493 1818 4566 Nunc

245 4616 362 4689 iterum
379 4616 495 4717 loquar
516 4615 629 4719 (163)
647 4619 687 4691 de
712 4620 865 4719 praeclare
888 4619 1003 4720 gestis⁸
1022 4647 1094 4720 quae
1120 4631 1270 4718 operatus
1295 4630 1342 4690 est
1368 4613 1557 4715 atquibus,
1585 4615 1664 4686 dum
1684 4614 1818 4712 justitiae

247 4738 372 4812 hostem
396 4737 559 4839 totiusque
588 4739 665 4810 boni
691 4739 933 4813 adversarium⁰
955 4740 1129 4841 profligat,
1154 4751 1297 4811 sanctam
1324 4737 1498 4810 Ecclesiam
1520 4735 1713 4810 catholicam
1740 4736 1817 4808 fidei

246 4873 344 4959 atque
361 4858 559 4959 penitentiae
574 4859 740 4959 perfundit
758 4861 869 4934 odore.

284 5093 290 5122 ¹
314 5089 373 5142 Gen.
385 5109 473 5153 ιιιιιι,
493 5093 534 5145 ι6.
554 5095 617 5132 -’
637 5089 723 5146 Maro.
743 5110 801 5155 ιιιι,
820 5111 863 5164 ¹7·
879 5123 917 5132 -
931 5096 941 5125 ³
955 5090 995 5144 Ad
1068 5094 1249 5166 «panegyricus
1266 5090 1427 5146 inhonorem
1444 5090 1518 5164 primi
1534 5090 1647 5162 nrartyris
1663 5095 1688 5143 et
1706 5086 1817 5151 diaconi,

248 5181 330 5235 Galat.
346 5201 389 5246 m,
411 5185 455 5238 ah.
468 5217 504 5224 —
519 5185 528 5218 ⁸
543 5183 583 5238 Ad
599 5183 725 5252 Hebrum,
740 5204 767 5248 r,
784 5205 806 5239 ι.
820 5189 878 5225 -'
895 5185 994 5240 Titulus
1068 5186 1163 5240 «sancti
1176 5185 1369 5260 Stephanio-
1382 5189 1393 5218 ⁸
1408 5183 1547 5239 Bhlaxime
1560 5183 1635 5236 urhis.
1646 5183 1704 5222 -7
1719 5181 1818 5252 Repon-

245 5275 278 5326 ite
304 5274 376 5346 pleno
396 5295 422 5328 sc
441 5275 516 5331 habet
537 5277 562 5331 in
587 5277 713 5333 codicibus
733 5300 740 5332 ι
760 5279 861 5334 «Sancti
879 5278 993 5354 Gregorii
1069 5279 1226 5332 rotem-⁸
1238 5280 1257 5333 ll
1267 5279 1387 5352 preclare
1398 5277 1522 5332 ordinatio.
1533 5309 1571 5316 —-
1585 5279 1595 5309 ⁹
1607 5278 1627 5331 h
1640 5274 1722 5330 omitt.
1732 5273 1818 5326 totius·

247 5365 459 5441 c'l'haumnturgi,
472 5369 631 5424 Neocuserror
642 5371 680 5441 (in
692 5369 774 5441 Ponto)
781 5371 994 5445 episcopi,senno
1069 5391 1114 5444 qne
1126 5371 1180 5425 honi
1194 5371 1366 5425 aduersarium.
