4006 6098
264 553 330 620 tot
615 551 789 619 Pisauri
814 551 1212 623 ANTENICAENORUM
1242 555 1479 622 instaura.

262 701 328 773 lam
349 727 420 800 quae
440 699 520 772 circa
540 700 645 772 Deum
660 713 815 786 versatur,
833 702 947 774 excidit
966 703 1001 774 in
1015 717 1168 775 creaturae
1183 703 1322 786 cultum,
1336 703 1442 800 attigit
1454 701 1665 774 litbnicorum
1682 701 1840 801 impieta·

194 811 197 821 ¹
264 835 345 907 tem,
363 819 411 893 vel
435 820 478 892 ad
501 819 585 892 hanc
606 847 751 893 reversus
775 836 837 906 est,
856 822 1109 924 Judaeorumque
1133 824 1391 897 incredulitatem
1417 823 1560 895 imitatus
1582 835 1645 904 eat,
1664 823 1737 922 qui,
1756 848 1838 892 cum

264 943 480 1015 existimarent
498 942 622 1014 Deum¹
641 942 783 1015 Verbum
802 971 821 1014 a
839 958 929 1042 patre
945 945 1090 1017 humano
1111 973 1197 1030 esse,
1213 972 1287 1017 eum
1307 972 1372 1017 non
1390 949 1619 1016 asseruerunt²
1637 970 1706 1015 esse
1726 943 1837 1014 ileum

264 1090 369 1164 neque
387 1063 528 1135 Filium³
546 1063 682 1135 confessi
704 1077 789 1136 sunt.
816 1065 966 1164 impietas
984 1080 1091 1139 autem
1109 1079 1156 1138 est
1177 1066 1317 1138 Verbum
1342 1065 1401 1137 Dei
1429 1065 1568 1162 cogitare
1592 1079 1628 1136 ut
1650 1063 1835 1134 humanum

264 1181 448 1285 (verbum),
467 1197 497 1254 et
520 1183 649 1255 eredere
673 1211 769 1283 opera
795 1213 854 1284 per
878 1213 953 1258 eum
982 1188 1064 1258 lacta
1090 1213 1295 1287 permanere,
1315 1186 1393 1257 dum
1416 1186 1484 1286 ipse
1510 1211 1575 1256 non
1599 1199 1776 1284 permanet.
1794 1183 1835 1254 Si

264 1304 337 1404 quis
355 1317 463 1376 autem
482 1305 566 1376 dicat
580 1305 674 1402 jussu
692 1305 777 1377 verbi
798 1308 905 1379 omnia
921 1337 938 1379 a
957 1309 1084 1381 Christo
1107 1320 1238 1408 operata
1255 1307 1369 1390 luisse,
1387 1307 1511 1406 Deique
1526 1305 1668 1378 Verbum
1693 1305 1833 1376 otiosum

263 1427 375 1509 iaciat,
395 1424 542 1496 ordinem
568 1425 625 1496 filii
654 1425 687 1497 in
711 1425 859 1500 ordinem
887 1428 968 1500 servi
995 1442 1109 1502 mutat.
1132 1428 1248 1502 Servus
1272 1427 1358 1500 enim
1388 1441 1435 1500 est
1460 1425 1618 1527 quidquid
1640 1424 1774 1524 jubetur
1799 1439 1834 1496 et

265 1560 407 1618 creatum
423 1559 486 1630 θεῖ,
500 1545 695 1646 creandique
710 1574 807 1648 capax
825 1541 891 1622 nori
905 1563 962 1622 est.
975 1549 1070 1623 Nullo
1087 1551 1172 1622 enim
1189 1549 1286 1622 modo
1302 1549 1426 1649 aliquid
1442 1575 1501 1648 par
1518 1562 1566 1620 est
1582 1547 1630 1618 illi
1643 1547 1700 1646 qui
1716 1545 1834 1618 creavit

264 1666 363 1750 illud,
383 1667 427 1738 ita
444 1681 495 1752 ut,
513 1668 594 1739 sicut
608 1667 649 1739 ab
668 1669 728 1741 isto
747 1683 872 1742 creatus
891 1684 954 1755 est,
971 1687 1003 1744 et
1018 1672 1086 1772 ipse
1105 1685 1190 1743 creet
1207 1670 1281 1743 alia.

315 1843 352 1916 V.
382 1845 503 1916 llursus
526 1861 633 1918 autem
655 1875 757 1947 quum
779 1848 851 1947 quis
870 1847 985 1920 dixerit
999 1848 1156 1948 Spiritum
1174 1849 1329 1922 Sanctum
1353 1874 1434 1946 opus
1454 1873 1521 1918 esse
1543 1846 1630 1946 quod
1650 1845 1835 1918 sanctifica-

264 1978 334 2036 tum
351 1966 427 2050 luit,
447 1993 513 2038 non
532 1981 637 2068 potest
652 1968 791 2070 amplius
810 1969 989 2067 intelligere
1007 1968 1115 2041 omnia
1133 1971 1167 2040 in
1187 1969 1309 2068 Spiritu
1325 1968 1534 2052 sanctificari3
1553 1969 1611 2067 qui
1627 1968 1716 2039 enim
1733 1994 1833 2039 unam

263 2111 333 2158 rem
357 2087 564 2160 sanctificavit
588 2090 766 2162 sanctificat
791 2091 887 2162 etiarn
916 2089 1035 2162 omnia.
1055 2091 1156 2187 Negat
1178 2090 1279 2188 igitur
1298 2102 1330 2161 et
1354 2089 1477 2160 iontem
1505 2087 1695 2172 sanctitatis,
1716 2113 1835 2187 nempe

265 2207 423 2307 Spiritum
440 2209 611 2294 Sanctum,
629 2211 686 2309 qui
704 2210 752 2282 illi
774 2209 888 2282 adimit
906 2225 942 2282 ut
960 2211 1153 2294 sanctificet,
1170 2238 1277 2311 neque
1299 2237 1373 2282 eum
1394 2234 1628 2282 connumerare
1648 2235 1721 2279 cum
1739 2208 1836 2280 Patre

265 2343 295 2400 et
311 2329 393 2400 Filio
411 2328 551 2429 amplius
569 2330 667 2415 valet,
684 2344 829 2403 sanctum
846 2331 1007 2432 baptisma
1029 2331 1232 2416 delraudat⁸‚
1252 2357 1359 2431 neque
1382 2329 1520 2429 amplius
1538 2341 1679 2400 sanctam
1699 2341 1731 2399 et
1749 2329 1833 2399 ado-

264 2449 401 2521 randam
417 2449 607 2522 Trinitatem
628 2452 809 2523 conlitetur.
828 2453 892 2523 Aut
910 2453 996 2525 enim
1018 2453 1051 2524 in
1070 2452 1171 2550 gloria
1197 2452 1337 2524 naturali
1351 2465 1382 2523 et
1398 2477 1473 2522 vera
1498 2477 1628 2522 omnem
1643 2449 1833 2522 Trinitatem

265 2571 438 2642 consistere
455 2570 639 2668 intelligant
658 2587 800 2670 oportet,
817 2588 872 2646 aut
887 2573 1045 2647 unitatem
1063 2587 1096 2646 et
1113 2601 1180 2646 non
1195 2575 1334 2675 amplius
1354 2573 1530 2645 trinitatem
1548 2570 1655 2644 dicere
1670 2570 1832 2666 cogimur,

267 2702 322 2762 aut
337 2691 532 2764 creationem
547 2719 620 2764 cum
631 2693 798 2777 Creatore,
812 2707 869 2766 aut
886 2707 1048 2768 creaturas
1061 2721 1135 2766 cum
1150 2709 1371 2768 creaturarum
1385 2693 1540 2776 Domino,
1553 2704 1609 2763 aut
1624 2717 1696 2762 cum
1713 2688 1836 2760 sancti-

266 2793 382 2884 ficante
406 2837 477 2909 quae
501 2813 753 2897 sanctificantur,
770 2841 835 2886 non
864 2843 1098 2888 connumerare
1116 2816 1287 2900 debemus,
1304 2816 1384 2886 sieut
1402 2841 1474 2886 cum
1493 2813 1647 2885 Trinitate
1668 2809 1758 2882 nulla
1781 2836 1833 2880 res

265 2931 349 3002 lacta
367 2946 630 3016 connumeratur,
652 2934 709 3006 sed
728 2948 874 3007 econtra
895 2937 930 3032 in
948 2937 1078 3010 nomine
1096 2937 1221 3010 Sancte
1233 2935 1413 3020 Trinitatis,
1433 2934 1608 3034 baptisma,
1627 2930 1783 3004 invocatio
1802 2943 1835 3000 et

267 3050 372 3124 cultus
390 3052 604 3126 celebrantur.
624 3054 659 3126 Si
678 3055 764 3127 enim
781 3069 843 3128 tres
861 3069 938 3128 sunt
951 3055 1080 3152 gloriae,
1099 3072 1163 3128 tres
1180 3069 1275 3129 eruut
1292 3055 1396 3126 cultus
1413 3053 1501 3154 apud
1521 3079 1576 3125 eos
1595 3052 1652 3153 qui
1671 3063 1833 3122 creaturas

267 3171 414 3244 adorant.
433 3173 469 3244 Si
487 3188 594 3246 autem
617 3175 715 3247 divisa
735 3189 810 3248 sunt
829 3205 901 3277 quae
919 3177 1083 3278 pertinent
1101 3176 1143 3248 ad
1163 3176 1361 3248 adorabilem
1381 3188 1545 3258 naturam,
1565 3173 1607 3244 ita
1627 3171 1748 3243 diversa
1765 3195 1832 3240 esse

268 3319 341 3391 quae
357 3293 522 3392 pertinent
537 3293 578 3365 ad
596 3296 718 3368 cultum
736 3311 863 3397 oportet
882 3297 970 3397 apud
987 3325 1052 3370 eos.
1070 3297 1135 3370 Sed
1154 3325 1259 3396 neque
1277 3323 1349 3367 oum
1364 3309 1484 3367 aeterno
1498 3321 1579 3364 nova
1594 3291 1831 3363 adorabuntur:

267 3441 378 3486 recens
396 3415 483 3488 enim
503 3429 550 3488 est
571 3417 604 3488 id
623 3417 711 3518 quod
731 3419 861 3491 initium
878 3420 1012 3519 recepit;
1032 3419 1187 3518 quoniam
1205 3418 1326 3490 multus
1349 3431 1381 3489 et
1402 3418 1598 3488 immensus⁵
1615 3427 1663 3486 est
1680 3413 1737 3511 qui
1758 3425 1831 3482 ante

267 3533 383 3621 saecula
400 3535 519 3621 existit,
535 3539 714 3610 secundum
730 3540 818 3639 quod
837 3539 972 3612 dicunt:
994 3537 1076 3611 allle
1095 3540 1152 3638 qui
1176 3551 1222 3611 est
1245 3540 1332 3611 Deus
1353 3538 1388 3610 in
1411 3537 1623 3608 saeculum⁶.n
1648 3533 1711 3616 Qui
1735 3532 1833 3630 igitur

268 3653 402 3754 aliquod
416 3657 612 3757 principium
631 3673 814 3759 temporum
831 3661 901 3732 vitae
917 3659 991 3732 Filii
1006 3673 1038 3732 et
1052 3659 1192 3760 Spiritus
1207 3659 1316 3732 Sancti
1333 3659 1441 3759 ponit,
1458 3658 1555 3730 etiam
1575 3682 1633 3754 per
1646 3655 1707 3727 boc
1722 3680 1740 3724 a
1758 3677 1832 3724 con-

268 3777 494 3850 numeratione
516 3805 590 3849 cum
613 3779 708 3851 Patre
731 3779 849 3852 Filium
870 3795 901 3853 et
920 3780 1079 3881 Spiritum
1102 3794 1239 3882 separat.
1257 3779 1393 3879 Oportet
1415 3779 1517 3863 enim,
1535 3773 1619 3878 (85)
1634 3775 1716 3847 sicut
1735 3799 1832 3846 unam

267 3895 405 3993 gloriam
422 3898 625 3982 confitemur,
644 3899 687 3971 sic
705 3912 738 3971 et
755 3927 855 3972 unam
870 3900 1098 3985 substantiam,
1115 3901 1235 3973 scilicet
1252 3899 1451 3972 divinitatem
1471 3911 1502 3969 et
1516 3923 1617 3969 unam
1632 3893 1833 3998 sempiterni-

270 4029 367 4089 tatem
385 4017 550 4090 Trinitatis
567 4020 790 4093 confiteamur.

321 4191 372 4262 Vl.
402 4194 522 4266 Salutis
541 4210 649 4268 autem
675 4212 790 4270 uostrae
812 4197 941 4270 initium
959 4199 1138 4272 incarnatio
1154 4199 1250 4271 Verbi
1273 4197 1518 4271 escendimus
1540 4196 1649 4294 igitur,
1668 4193 1832 4265 divinitate

270 4327 420 4385 manente
446 4315 655 4402 immutabili,
675 4320 789 4391 iactam
812 4347 880 4393 esse
898 4321 993 4393 Verbi
1011 4321 1267 4393 incarnationem
1291 4321 1332 4392 ad
1351 4317 1567 4392 renovandam
1588 4314 1831 4389 humanitatem.

270 4431 333 4505 Nec
351 4435 438 4526 enim
453 4437 605 4523 mutatio,
617 4466 725 4539 neque
741 4443 926 4526 commotio,
947 4470 1052 4542 neque
1070 4442 1206 4514 inclusio
1223 4443 1256 4514 in
1271 4445 1394 4525 motu⁷,
1406 4441 1488 4514 lacta
1504 4453 1552 4510 est
1568 4435 1834 4536 apud⁸virtutem

271 4553 346 4638 Dei,
364 4556 420 4626 sed
438 4555 498 4628 ista
517 4557 629 4629 eadem
649 4587 800 4645 manens,
818 4589 899 4662 opus
916 4561 1147 4634 incarnationis
1164 4561 1205 4633 ad
1224 4562 1362 4633 salutem
1380 4560 1495 4632 muudi
1514 4556 1698 4658 complevit,
1718 4568 1765 4636 et,
1781 4579 1834 4624 se-

271 4673 414 4746 cundum
439 4675 689 4763 humanitatem,
709 4679 743 4750 in
768 4693 852 4752 terra
878 4709 1067 4755 conversans
1089 4682 1148 4753 Dei
1167 4683 1307 4754 Verbum
1330 4682 1470 4753 divinam
1496 4707 1587 4750 suam
1610 4675 1835 4778 praesentiam⁹

308 4841 379 4897 ¹Gr.
395 4841 441 4896 Dei
457 4840 556 4896 Vmbram
575 4853 603 4898 at
616 4844 699 4918 filiunt
718 4845 848 4901 homonum
869 4849 1018 4920 accipientes.
1093 4867 1123 4902 ex
1154 4847 1296 4902 confusione
1331 4847 1494 4902 terminorum
1528 4842 1683 4917 aliquatenus
1717 4841 1836 4895 similium

270 4937 331 4974 -2
351 4937 393 4989 Gr.
414 4933 492 4990 addit„
508 4937 666 4992 rradidount.
682 4943 745 4980 —³
765 4939 808 4994 Gr.
825 4939 896 4994 addit
912 4940 966 4996 Dei.
980 4973 1018 4982 -
1094 4943 1193 5008 νεύματι
1220 4947 1245 4994 et
1269 4942 1394 5008 «νεύματι
1419 4957 1432 4992 ε
1458 4957 1513 5010 syro
1539 4935 1683 4990 translatore
1709 4935 1781 4988 lacta.
1800 4963 1837 4974 ·-

270 5026 335 5081 ‘aa
355 5027 463 5082 taceam
484 5011 566 5083 ascio
586 5029 723 5104 apamia
743 5032 857 5104 caprinam
876 5033 955 5105 asae.
974 5035 1016 5087 or.
1094 5035 1248 5108 mama.
1259 5039 1312 5074 -ν
1327 5036 1370 5089 aa.
1381 5026 1837 5104 arecasaapmasasaaue..

272 5117 361 5174 ἀθετεῖ.
373 5125 434 5162 -⁸
454 5122 489 5176 ld
504 5122 611 5178 litteram
627 5124 833 5179 immensuratim.
843 5125 887 5180 Gr.
902 5124 1018 5199 ἄμετρος.
1094 5128 1317 5202 Haecaliquatenus
1335 5126 1455 5181 differunt
1475 5143 1490 5178 a
1506 5123 1598 5196 syriaca
1610 5121 1730 5176 versione.
1748 5120 1838 5173 Vocem

271 5241 309 5254 -
328 5215 337 5245 ¹
357 5213 400 5268 Gr.
423 5216 503 5270 omitt.
520 5219 649 5272 amandum
668 5218 732 5291 quod
747 5219 849 5272 ducat:
864 5217 908 5273 ille
924 5221 967 5291 poi
984 5231 1019 5276 aet
1094 5223 1237 5296 περεεσῖαν
1262 5239 1331 5292 syrus
1351 5195 1391 5273 'ad
1417 5219 1523 5274 litteram
1550 5215 1658 5270 reddidit
1681 5231 1727 5287 per
1751 5213 1838 5266 εδεεε-

272 5302 338 5356 Deua
355 5307 380 5356 in
396 5309 518 5361 mulum.
533 5341 570 5350 -
585 5313 594 5343 7
614 5311 649 5364 lid
665 5311 771 5366 litteram
786 5312 885 5366 includo
900 5313 924 5365 ia
939 5325 1018 5376 aerato,
1095 5327 1151 5368 tum.
