3980 6084
302 561 369 626 t3o
653 557 826 624 PATRUM
854 553 1251 622 ANTENICAENORUM
1283 553 1520 620 tuttundo.

301 711 419 807 Lycio,
440 708 473 780 in
492 707 678 779 summitate
693 705 813 778 montis
833 705 1018 804 cujusdam,
1038 729 1207 774 accensum
1230 703 1294 775 vidi
1311 703 1418 800 ignem
1436 701 1628 800 quenrdam¹
1644 701 1879 774 ascendentem

302 831 341 902 de
355 831 428 901 imis
442 843 551 912 terrm,
564 841 611 911 et,
619 829 708 926 juxta
722 827 848 924 ignem,
861 826 961 926 ipsios
972 824 1065 897 lateri
1075 824 1270 918 assidentem
1284 821 1395 926 (203)
1406 824 1554 896 arborem
1567 823 1684 895 dictam
1699 823 1879 895 Pulchram

300 957 531 1060 (Chaphiro)²,
548 985 620 1058 quae
636 971 705 1028 erat
727 957 837 1029 viridis
858 969 955 1055 atque
978 954 1146 1036 frondosa,
1166 953 1246 1026 adeo
1265 967 1302 1026 ut
1317 955 1502 1026 crederetur
1519 981 1591 1025 earn
1609 981 1770 1052 aquarum
1792 954 1881 1024 vira-

299 1108 372 1152 rum
388 1080 468 1151 fonti
484 1079 628 1163 adstare,
645 1077 740 1160 dum,
757 1078 817 1148 sub
830 1075 994 1148 radicibus
1009 1089 1040 1146 et
1058 1075 1147 1148 venis
1165 1076 1250 1174 ejus,
1270 1075 1404 1146 ardebat
1418 1075 1561 1145 tlamma.
1578 1075 1645 1171 Ego
1661 1087 1770 1146 autem
1783 1101 1882 1172 erpe-

298 1202 473 1274 rimentum
491 1199 610 1272 tentavi
621 1213 651 1270 et
662 1198 849 1298 decerptum
868 1196 1038 1297 equadam
1054 1196 1169 1270 arbore
1182 1197 1215 1267 in
1230 1196 1337 1293 ignem
1349 1195 1470 1295 projeci
1485 1221 1627 1278 ramum,
1644 1195 1701 1294 qui
1712 1195 1880 1294 extemplo

298 1324 425 1393 lamam
439 1319 616 1392 emittendo
635 1319 821 1390 combustus
838 1331 895 1390 est.
916 1319 963 1389 En
977 1317 1100 1389 clarum
1118 1316 1300 1416 exemplum
1321 1343 1385 1416 quo
1404 1317 1644 1388 demonstratur
1664 1315 1696 1386 in
1719 1316 1787 1386 fine
1802 1343 1881 1414 pec-

297 1457 420 1514 catores
437 1440 689 1512 arsuroslorein
709 1439 800 1537 igne,
812 1441 983 1539 justosque
999 1465 1057 1538 per
1075 1438 1220 1510 medium
1244 1438 1314 1535 ejas
1337 1437 1542 1519 transituros,
1568 1461 1633 1507 non
1653 1449 1780 1508 tanturn
1808 1438 1880 1508 sine

298 1561 522 1643 incommodo,
539 1587 651 1634 verum
669 1560 763 1642 inde,
780 1560 850 1632 auri
868 1560 980 1642 instar,
999 1559 1257 1658 splendentiores
1273 1583 1433 1630 evasuros.

1072 1845 1098 1916 V

351 2018 623 2090 «Demonstratur
641 2014 778 2087 transire
793 2013 892 2112 hujus
912 2011 1027 2084 muudi
1049 2011 1202 2108 figuram,
1228 2008 1307 2108 quin
1328 2035 1473 2108 unquam
1495 2007 1681 2084 destruatur
1702 2012 1827 2084 creatio
1848 2027 1880 2082 et

252 2210 258 2224 ,
300 2139 367 2210 «ad
391 2138 528 2209 nihilum
552 2136 734 2232 redigatum
753 2134 955 2208 liberandam
980 2160 1054 2205 voro
1081 2159 1190 2204 ossea
1216 2131 1366 2203 servitute
1390 2131 1604 2231 corruptionis
1631 2133 1664 2204 in
1692 2132 1878 2204 libertatern

299 2260 434 2357 «gloriae
460 2258 603 2329 filiorum
623 2258 713 2339 Dei³,
735 2270 772 2327 ut
793 2255 920 2326 divinus
941 2253 1061 2326 Pa'ulus
1088 2267 1120 2326 et
1136 2253 1298 2352 reliquum
1319 2266 1505 2324 sanctorum
1528 2251 1779 2352 divinorumque
1801 2254 1879 2325 doc-

299 2395 432 2452 «torum
452 2405 567 2474 agmen
587 2376 736 2450 dixerunt
754 2376 848 2448 illam
867 2377 924 2476 qui
943 2402 1008 2448 non
1024 2375 1196 2447 cantitetur
1214 2374 1481 2446 resurrectionem
1498 2374 1657 2473 corporis,
1674 2375 1723 2448 vel
1739 2402 1796 2448 eos
1821 2375 1877 2474 qui

299 2514 472 2573 «asserunt
487 2501 591 2572 Deum
610 2525 676 2570 non
693 2497 911 2598 promisissea
928 2523 963 2569 se
985 2495 1169 2568 suscitanda
1187 2496 1256 2568 lore
1272 2493 1418 2566 omnium
1439 2494 1608 2567 bominum
1626 2522 1777 2596 corpora,
1796 2523 1879 2568 ana-

300 2622 466 2694 «themate
480 2620 692 2719 plectentesn
710 2617 834 2720 (Sancti
849 2617 1003 2700 Metltodii,
1021 2616 1147 2716 cpiscopi
1160 2615 1270 2713 Lycio,
1282 2615 1451 2716 plrilocoplri
1465 2633 1491 2687 et
1508 2615 1665 2713 martyris,
1678 2644 1718 2688 ec
1734 2617 1813 2688 libro
1829 2617 1880 2687 illo

299 2742 334 2813 de
351 2740 569 2814 llmarrectr'one
586 2738 639 2838 qui
652 2738 761 2810 dicitur·
777 2722 1010 2837 lytaoeevt.)

354 2915 436 2987 lllll.
465 2913 597 3014 Neque⁵
621 2916 709 2986 enim
729 2915 854 3013 justum
885 2927 933 2986 est
955 2913 1062 2985 dicere
1088 2911 1198 2985 omnia
1221 2911 1417 3011 quandoque
1439 2939 1507 2983 esse
1531 2911 1718 2995 interitura,
1737 2925 1877 2990 terram,

304 3065 430 3121 aerem,
449 3035 630 3135 celumque
649 3034 807 3118 desitura,
825 3047 858 3106 at
873 3034 1056 3107 docendum
1070 3048 1118 3106 est
1133 3034 1173 3106 ab
1193 3034 1284 3131 igne,
1301 3034 1375 3133 qui,
1393 3045 1428 3104 at
1445 3033 1593 3133 purificet
1610 3046 1642 3104 et
1656 3045 1802 3116 renovet,
1818 3035 1877 3104 im-

305 3159 459 3241 mittetur,
477 3155 734 3229 comburendum
756 3183 823 3228 esse
845 3156 956 3228 orbern
981 3156 1167 3228 universum
1190 3157 1223 3227 in
1240 3155 1316 3253 igne
1341 3166 1515 3226 natantem.
1533 3154 1603 3226 Non
1622 3154 1709 3226 enirn
1727 3153 1832 3228 ruinae
1848 3168 1877 3224 et

303 3278 503 3379 corruptioni
517 3275 663 3349 tradetur
679 3277 833 3348 mundas.
850 3277 947 3360 Nam,
962 3277 989 3347 si
1005 3277 1121 3349 melias
1137 3277 1249 3349 luisset
1264 3290 1299 3348 ut
1312 3276 1399 3348 orbis
1418 3304 1484 3348 non
1502 3291 1585 3349 esset
1607 3303 1703 3376 quam
1724 3291 1759 3348 at
1773 3289 1876 3358 esset,

305 3429 363 3474 cur
377 3401 465 3472 Deus
485 3399 593 3470 minus
610 3399 789 3498 perlectum
812 3397 926 3496 elegit,
951 3396 1082 3497 quando
1106 3397 1217 3470 orbem
1241 3397 1335 3468 lecit?
1357 3395 1443 3470 Nihil
1465 3396 1604 3469 enimin
1626 3425 1743 3468 vanarn
1763 3413 1823 3470 aut
1844 3400 1876 3468 in

305 3518 536 3618 opprobrium⁶
549 3517 623 3589 lecit
638 3517 734 3589 lleas.
752 3517 863 3614 lgitor,
880 3530 916 3589 ut
926 3531 1008 3590 esset
1022 3531 1052 3588 et
1067 3530 1287 3616 permaneret,
1299 3518 1495 3590 creationem
1510 3517 1596 3589 Deus
1607 3517 1746 3602 ornavit,
1761 3546 1878 3618 quem-

306 3639 483 3711 admodum
513 3639 625 3710 statuit
649 3639 833 3737 Sapientia,
863 3637 1004 3710 dicens:
1035 3636 1187 3710 «Creavit
1214 3650 1321 3710 autern
1347 3651 1384 3710 ut
1406 3652 1513 3710 essent
1538 3639 1690 3710 omnia⁷:
1720 3637 1877 3711 salutares

307 3773 408 3830 «sant
425 3758 539 3830 mandi
557 3759 798 3855 generationes,
811 3771 843 3831 et
852 3785 918 3830 non
937 3772 985 3830 est
999 3759 1032 3830 in
1050 3757 1113 3829 illis
1132 3757 1404 3832 medicamentum
1418 3759 1635 3831 exterminiis
1655 3759 1776 3831 Paulus
1791 3759 1876 3832 clare

308 3892 452 3965 testatur,
462 3878 591 3951 dicens:
612 3879 819 3978 «Expectatio
836 3893 989 3951 creaturae
1003 3879 1230 3951 revelationem
1247 3879 1388 3952 filiorum
1400 3880 1459 3951 Dei
1474 3894 1626 3979 expectet.
1635 3879 1777 3952 Vanitati
1789 3881 1877 3952 enirn

308 4013 478 4072 «ereatura
496 4000 640 4099 subjecta
661 4014 708 4071 est
726 4000 856 4082 nolens,
872 4000 928 4072 sed
947 4013 1080 4101 propter
1098 4027 1172 4071 curn
1189 4000 1247 4100 qui
1264 3999 1400 4099 subjecit
1420 4028 1491 4072 earn
1508 4001 1541 4071 in
1562 4027 1618 4100 spe
1637 4029 1644 4070 ε
1667 4001 1744 4102 quia
1760 4016 1790 4072 et
1810 4001 1876 4101 ipsa

308 4134 480 4194 «creatura
503 4120 695 4193 liberabitur
719 4149 738 4192 a
766 4121 915 4194 servitute
941 4121 1173 4220 corruptionis,
1197 4121 1231 4192 in
1253 4121 1436 4194 libertatem
1462 4122 1572 4219 gloriae
1596 4122 1735 4193 filiorum
1762 4123 1876 4193 θεὶς.»

308 4241 464 4324 Vanitati,
481 4242 540 4325 ait,
556 4241 698 4340 subjecte
718 4256 765 4314 est
780 4255 927 4314 creatura
947 4255 978 4313 et
998 4255 1167 4340 propterea
1184 4255 1328 4341 expectat
1340 4269 1373 4314 sc
1389 4243 1429 4314 ab
1444 4241 1505 4314 hac
1515 4243 1666 4315 servitute
1676 4242 1876 4315 liberandam

309 4365 389 4435 lore.
401 4359 511 4463 (2011)
526 4362 625 4434 Porro
638 4363 769 4461 quando
782 4361 954 4462 Apostolos
966 4361 1240 4448 dicitncreatura,
1251 4393 1266 4430 n
1277 4362 1423 4462 loquitur
1433 4361 1473 4436 de
1489 4363 1550 4435 boc
1565 4363 1706 4448 mundo,
1717 4363 1877 4461 siquidem

310 4511 376 4556 noa
402 4511 440 4555 ea
465 4511 536 4583 quae
563 4508 628 4558 non
656 4483 817 4564 videntur,
836 4482 892 4555 scd
915 4511 953 4555 ea
978 4497 1105 4554 tantum
1131 4510 1203 4583 quae
1226 4483 1375 4555 videntur
1398 4483 1599 4584 corruptioni
1623 4485 1766 4584 sabjecta
1789 4497 1876 4557 curat.

310 4603 503 4676 Remanebit
519 4604 619 4702 igitur
635 4604 775 4675 mundus
788 4603 820 4676 in
842 4603 1009 4677 meliorem
1028 4618 1060 4676 et
1076 4603 1330 4704 splendidiorem
1345 4617 1462 4676 statum
1481 4619 1670 4688 renovatus,
1688 4605 1835 4704 gaudens
1849 4619 1878 4676 et

309 4725 420 4796 fruens
432 4724 666 4798 resurrectione
685 4740 816 4824 propter
833 4725 906 4797 illos
924 4725 1006 4797 filios
1021 4724 1096 4811 Dei,
1116 4751 1255 4823 quoram
1274 4751 1370 4796 eausa
1388 4739 1420 4798 et
1434 4725 1627 4825 quibuscum
1643 4753 1730 4798 nunc
1746 4726 1835 4799 dolet
1849 4737 1879 4798 et

347 4921 354 4953 ¹
374 4919 419 4974 Gr.
431 4917 508 4974 addit.
522 4917 687 4991 cmoaepdwr.
702 4949 741 4958 —-
755 4921 765 4954 ²
777 4917 820 4973 Gr.
834 4916 916 4987 ἄγνου
930 4919 1018 4983 φυτόν,
1031 4917 1057 4971 in
1134 4937 1233 4990 peyne»
1245 4917 1326 4985 φυτόν
1344 4917 1451 4974 exbibet.
1469 4923 1530 4961 —⁸
1546 4918 1584 4972 dd
1599 4919 1698 4973 Roman.
1712 4937 1769 4982 vttt,
1784 4937 1829 4974 n.
1844 4949 1877 4960 —-

307 5031 384 5086 quem
408 5013 488 5067 loeurn
507 5011 564 5066 ride
585 5029 641 5086 qaae
656 5011 785 5066 ennotmdt
802 5011 945 5066 Gattandius
961 5009 994 5064 de
1013 5010 1058 5064 lue
1132 5010 1197 5065 ‘cn
1209 5011 1306 5084 llipne,
1323 5009 1413 5066 Potrot.
1431 5011 1474 5068 Gr.
1489 5012 1580 5075 llllll,
1593 5013 1639 5066 ool.
1658 5014 1725 5085 27t,
1741 5017 1768 5066 u·
1780 5029 1839 5074 rin,
1852 5033 1877 5074 ι,

307 5105 397 5159 arbore
411 5103 515 5177 (meat.
531 5105 574 5159 Gr.
588 5105 680 5167 ttulit,
693 5105 739 5159 eol.
752 5105 815 5176 287,
825 5111 882 5158 nota
897 5105 954 5176 rr),
967 5110 1057 5177 putans
1133 5103 1210 5158 terme
1230 5104 1262 5158 ab
1280 5104 1361 5159 initio.
1378 5137 1417 5146 -
1434 5109 1443 5140 ⁸
1459 5105 1503 5161 cn
1514 5105 1696 5180 Epiphaniam,
1710 5104 1799 5160 Hom.
1816 5124 1876 5164 trra,

307 5215 362 5252 enm
384 5216 437 5252 osse
458 5199 555 5252 salicem
574 5199 698 5262 comente,
719 5216 776 5252 mam
797 5197 946 5268 llieronymo
967 5195 1055 5268 (bertr.
1132 5199 1177 5251 31.
1189 5201 1245 5238 -¹
1259 5199 1302 5254 Gr.
1316 5201 1331 5259 st
1346 5205 1445 5274 χεῖρον.
1459 5231 1496 5240 -
1506 5201 1517 5233 ⁷
1528 5197 1587 5270 Sap.
1605 5217 1627 5262 r,
1644 5201 1731 5254 rta-
1743 5201 1754 5232 ⁸
1766 5197 1803 5252 Ad
1812 5197 1876 5252 lton

308 5309 397 5354 xrrrrr,
414 5292 478 5360 tro),
492 5290 591 5364 Aquita,
604 5291 709 5365 aliisque
720 5289 871 5345 auctoribus.
887 5289 990 5343 Plautino
1004 5293 1056 5344 aad·
1131 5309 1189 5354 un,
1204 5309 1250 5363 ις),
1272 5309 1316 5346 m.
