3990 6092
255 543 322 611 292
608 543 782 611 PATRUM
812 545 1213 614 ANTENICAENORUM
1238 549 1476 618 antonum.

254 721 320 794 quo
334 693 432 790 igitur
446 691 544 765 modo
559 691 701 765 tribuam
718 693 906 766 bominibus
922 692 1157 798 (simplicibus)
1171 698 1337 770 scientiam
1355 701 1529 799 perfectam
1541 700 1737 787 divinorum,
1751 732 1826 776 curn

253 815 301 886 illi
318 815 376 916 qui
398 813 440 886 ad
462 841 648 887 mensuram
666 814 759 888 Pauli
781 830 999 917 pervenerunt
1025 818 1258 893 subobscuram
1281 833 1312 892 et
1333 823 1504 920 partialem
1522 837 1648 896 tantum
1672 851 1741 897 earn
1765 826 1829 898 ba-

253 936 404 1008 buerintl
420 935 461 1008 Ut
476 935 608 1036 quidem
623 936 788 1009 videmus¹
800 993 1403 1017 ........................
1420 941 1517 1044 (16).

774 1186 893 1243 CAPUT
914 1187 1115 1244 unusluuu
1136 1189 1306 1246 TERTIUM.

455 1324 535 1378 onon
551 1324 659 1378 usroun
678 1325 707 1370 rn
726 1325 862 1371 nssnnrn
881 1327 926 1371 srr
944 1327 1077 1386 sunnon,
1095 1329 1151 1374 non
1166 1273 1263 1374 rausi«
1281 1331 1364 1375 sicur
1381 1332 1410 1376 nc
1429 1331 1543 1376 rsusco
1560 1333 1626 1379 suo.

307 1492 442 1596 Explicit
457 1494 624 1566 Tractatus
637 1492 678 1565 de
697 1494 819 1566 allecta
831 1487 1065 1568 Confessioncs
1082 1497 1238 1570 alustino
1257 1498 1463 1598 Philosopbu.
1549 1601 1552 1606 Ι

1014 1973 1073 2066 Vl

812 2195 1039 2268 seuerus
1073 2197 1272 2270 naemu.

305 2397 329 2468 l.
354 2395 535 2499 {Apologia
552 2397 586 2470 S.
604 2396 769 2471 lllelitonis
787 2398 1052 2501 diversorumque
1074 2400 1218 2498 ejusdem
1238 2401 1401 2500 scriptoris
1418 2401 1673 2498 fragmentorum
1691 2400 1828 2474 latinam

246 2499 434 2592 'versionem
446 2517 502 2592 bic
521 2517 616 2592 odere
628 2520 662 2592 in
677 2521 758 2593 votis
776 2533 845 2593 erat
861 2518 950 2622 (vide
965 2549 998 2621 p.
1018 2519 1092 2623 16).
1107 2522 1218 2604 Quum
1235 2535 1343 2594 tamen
1361 2522 1417 2594 illa
1431 2521 1611 2594 christiana
1627 2522 1829 2622 antiquitatis

251 2655 464 2714 monumenta
480 2641 515 2714 in
536 2641 648 2742 plures
672 2643 808 2743 Europa
829 2641 959 2740 linguas
978 2668 1068 2715 versa
1085 2642 1260 2715 lectoribus
1277 2657 1440 2743 prostent,
1457 2671 1475 2716 a
1494 2643 1658 2743 proposito
1682 2641 1825 2716 abstine-

253 2788 477 2862 murramque
494 2761 684 2835 intentatam
703 2761 943 2864 relinquimus]
1079 2763 1083 2772 '

581 2995 622 3066 ll.
651 3023 687 3067 sx
702 3023 841 3069 sarsrom
856 3023 1014 3069 nnnronrs
1031 3023 1161 3069 srrscon
1180 3025 1215 3068 no
1233 3003 1421 3070 nnrnnnuu2
1435 2996 1496 3100 (ἓ).

301 3171 394 3244 Juxta
409 3170 524 3270 Angeli
540 3172 840 3259 annuntiationem,
860 3173 1060 3247 celebramus
1079 3174 1277 3246 nativitatem
1293 3172 1445 3275 (Christi)
1460 3188 1533 3275 post
1547 3201 1660 3248 novem
1678 3203 1822 3260 mensos,

252 3294 387 3392 ejusque
402 3306 475 3393 post
491 3305 563 3365 octo
581 3292 649 3366 dies
667 3293 958 3379 circumcisionem,
973 3308 1005 3368 et
1023 3307 1095 3394 post
1106 3295 1237 3392 triginta
1255 3321 1356 3367 anuos
1374 3295 1586 3395 baptismum,
1602 3294 1694 3378 inde,
1710 3325 1775 3370 una
1791 3313 1825 3368 et

252 3413 365 3485 eadem
383 3415 451 3498 die,
471 3415 671 3488 celebramus
687 3415 804 3487 fastum
821 3415 994 3504 nativitatis
1009 3428 1041 3486 et
1055 3416 1207 3515 baptismi
1224 3413 1320 3516 (ll).

996 3889 1080 3981 vu

794 4101 1018 4184 sancros‘
1048 4111 1283 4184 mannus.

1022 4499 1059 4584 ¹0

305 4699 330 4776 L
359 4699 444 4775 Sunt
458 4713 570 4774 autem
587 4702 645 4802 qui
662 4701 774 4776 dicunt
792 4699 830 4802 (a
848 4697 933 4802 Deo)
947 4699 1099 4772 emissum
1119 4696 1239 4771 suisse³
1258 4699 1421 4772 Christum
1437 4701 1540 4774 lilium
1558 4727 1670 4785 suum,
1688 4713 1720 4773 et
1736 4699 1827 4773 bunc

281 4955 296 4987 α
316 4951 375 5019 llic,
387 4953 414 5008 in
425 4951 521 5018 codice,
534 4952 624 5008 oxeidb
634 4951 720 5010 lolium
734 4951 880 5028 reliquaque
888 4951 956 5006 senio
965 4950 998 5005 ita
1077 4949 1207 5005 tribuenda
1219 4950 1251 5005 sit
1267 4949 1374 5024 Epistola
1389 4951 1422 5006 ad
1433 4951 1575 5024 Eutropium
1590 4953 1692 5007 omnino
1702 4969 1747 5006 nos
1756 4950 1825 5006 latet.

244 5043 379 5101 obliterata
389 5047 505 5112 fumum,
517 5053 546 5100 ut
555 5046 653 5102 nonnisi
667 5065 725 5102 cum
743 5063 841 5102 summa
855 5043 1000 5100 difficultate
1076 5045 1112 5100 Ex
1122 5044 1194 5099 titulo
1201 5044 1326 5100 rideretur
1335 5063 1388 5100 esse
1400 5045 1473 5100 lutus
1480 5045 1604 5101 Melitonis
1612 5045 1776 5110 sardicensis,
1784 5053 1824 5108 ot,

248 5137 466 5211 lamponem-¹
476 5139 564 5195 Plures
571 5139 684 5194 novimus
691 5137 998 5203 Melitonasvellleletr'os,
1076 5156 1106 5193 ex
1120 5145 1233 5193 contextu
1246 5139 1377 5202 orationis,
1391 5137 1456 5193 banc
1474 5138 1605 5212 epistolam
1624 5139 1774 5195 referremus
1792 5139 1827 5194 ad

247 5247 341 5308 nempe
353 5231 497 5287 Melitenam
511 5231 696 5297 Surdieensem¹
709 5232 837 5288 Melatium
851 5231 1001 5307 Sebastopo-
1076 5230 1204 5286 Meleu'unr
1220 5230 1471 5305 Sebastopolitanum.
1491 5261 1529 5274 -
1547 5235 1557 5265 ³
1577 5232 1620 5286 Gr.
1640 5231 1827 5305 σροθαλέσθαι.
1841 5243 1847 5258 ·

248 5321 366 5387 litonum,
375 5323 901 5382 lleletiumlntiocbeuum.verumcuinum
910 5325 999 5381 bonnu
1078 5325 1131 5396 Syr.
1147 5327 1212 5388 nl.
