3980 6084
713 562 968 637 CONClblUll
997 567 1223 636 NlCAENUll.
1665 561 1763 636 t57'·

163 719 206 793 ita
221 731 257 792 ut
272 715 406 820 quidam
417 713 547 789 illorum
558 772 566 801 ,
578 715 653 789 data
664 719 801 817 pecunia
817 731 849 790 et
863 716 978 790 oblatis
997 717 1090 790 donis
1100 774 1108 803 ,
1120 718 1154 790 in
1172 717 1273 818 priori
1288 731 1373 790 statu
1392 718 1510 791 servire
1522 719 1733 806 tentaverint,

163 839 350 912 bominibus
367 836 593 937 hujuscemodi
608 838 720 910 decem
741 839 834 910 annis
855 839 941 912 inter
962 840 1155 940 prenitentes
1178 867 1284 936 genua
1307 838 1503 914 flectendum
1526 855 1586 924 est,
1615 835 1755 914 deinde'

162 961 265 1033 tribus
280 959 373 1032 annis
391 959 477 1031 inter
490 957 654 1031 auditores
671 958 833 1031 standum.
848 959 929 1044 Sed,
948 960 1183 1060 superomnia,
1202 960 1338 1033 scrutari
1352 973 1478 1060 oportet
1492 960 1688 1034 voluntatem
1702 975 1735 1034 et

163 1080 350 1181 qualitatem
364 1079 570 1180 poenitentiae.
588 1076 708 1153 Omnes
721 1081 808 1153 enim
825 1080 874 1151 illi
895 1081 952 1180 qui
968 1081 1102 1180 pietate,
1124 1080 1290 1179 lacrymis,
1311 1081 1481 1180 patientia,
1505 1080 1733 1181 bonorumque

163 1229 299 1301 operum
325 1200 543 1282 exsecutione,
570 1201 698 1273 realiter
722 1227 756 1273 se
781 1228 950 1274 conversos
979 1202 1076 1273 luisse
1104 1215 1135 1274 et
1164 1227 1230 1272 non
1255 1213 1381 1273 tantum
1408 1202 1512 1300 specie
1540 1203 1732 1286 ostendunt,
1758 1299 1761 1306 Ι

163 1322 311 1394 absoluto
326 1320 483 1393 auditoris
500 1334 661 1421 tempore,
680 1348 772 1421 eaque
788 1321 939 1422 precibus
961 1322 1087 1396 admitti
1110 1334 1261 1422 possunt,
1287 1334 1443 1421 potestate
1461 1322 1556 1394 etiam
1580 1323 1733 1425 episcopo

162 1443 246 1515 lacta
262 1455 298 1514 ut
315 1441 496 1541 pleniorem
515 1441 561 1514 eis
583 1441 730 1516 exhibeat
752 1442 1000 1516 humanitatem.
1024 1441 1146 1516 Omnes
1163 1455 1271 1516 autem
1292 1442 1349 1544 qui
1369 1442 1472 1514 vibter
1494 1456 1526 1516 et
1544 1445 1734 1518 versatiliter

163 1563 198 1634 id
218 1575 353 1660 egerunt
376 1576 408 1634 et
427 1563 485 1662 qui
506 1576 738 1663 reputaverunt
762 1564 909 1636 sufficere
931 1579 968 1636 ut
984 1564 1090 1665 specie
1108 1577 1234 1636 tantum
1252 1575 1478 1636 convertantur
1495 1562 1536 1635 ad
1554 1564 1616 1636 boc
1635 1579 1672 1636 ut
1698 1565 1732 1637 in

162 1683 302 1756 Ecclesia
319 1683 446 1756 admitti
462 1683 601 1783 possint,
621 1683 753 1757 ornnino
772 1697 900 1787 tempus
918 1685 1085 1759 absolvant
1102 1697 1237 1784 oportet.

213 1867 297 1940 lllll.
325 1867 370 1939 Dc
386 1868 431 1939 tis
448 1869 502 1968 qra'
524 1885 650 1969 tempore
669 1869 772 1941 morab
791 1898 855 1943 sae
870 1871 1042 1943 oblationem
1058 1871 1256 1970 mortulam.
1277 1911 1331 1924 -
1351 1867 1460 1941 Relate
1483 1869 1523 1940 ad
1545 1870 1670 1969 eosqui
1689 1870 1731 1943 de

162 1989 277 2061 seculo
291 2002 422 2074 exeunt,
434 1989 484 2061 lev
495 2004 527 2062 et
539 2016 643 2062 canon
657 1991 810 2091 antiquus
823 1991 921 2064 etium
934 2018 1021 2064 nunc
1036 1991 1257 2075 observentur,
1269 2003 1320 2072 ut,
1333 1990 1359 2060 si
1371 1989 1444 2089 quis
1454 1988 1495 2060 de
1510 1991 1626 2061 sarculo
1640 2018 1731 2088 egre-

162 2110 280 2193 diatur,
297 2110 411 2182 ultimo
435 2111 565 2195 viatico,
580 2111 694 2182 viatico
719 2114 860 2212 perlecto
881 2126 913 2185 et
930 2113 1108 2184 necessario
1130 2139 1195 2182 non
1211 2109 1431 2183 defraudetur.
1452 2109 1548 2194 Quod
1565 2110 1609 2195 si,
1626 2126 1731 2186 morte

162 2232 232 2330 ejus
253 2231 364 2302 habita
384 2245 419 2303 ut
437 2245 538 2316 certa,
564 2234 792 2306 communione
816 2233 933 2331 dignus
952 2234 1051 2306 luerit
1066 2232 1197 2304 babitus
1216 2231 1479 2332 oblationemque
1491 2233 1682 2331 susceperit,
1699 2246 1731 2304 et

160 2365 272 2452 postea
290 2351 481 2424 adsalutem
500 2379 644 2426 reversus
660 2354 744 2426 inter
764 2354 850 2427 vivos
870 2354 1043 2454 deputatus
1060 2354 1174 2438 luerit,
1192 2353 1279 2424 inter
1294 2379 1348 2424 cos
1370 2352 1427 2451 qui
1443 2351 1581 2424 orationi
1605 2364 1730 2424 tantum

160 2472 354 2572 participant
364 2474 586 2558 constituatur,
597 2473 700 2546 donec
711 2474 894 2547 absolvatur
905 2489 1032 2577 tempus
1044 2503 1061 2547 a
1074 2501 1192 2573 magna
1202 2485 1234 2546 et
1246 2487 1355 2545 sancta
1366 2472 1496 2571 Synodo
1508 2473 1727 2546 constitutum.

162 2593 261 2666 Plane
276 2609 385 2666 autern
402 2593 535 2668 cuilibet
549 2594 590 2667 de
607 2596 723 2668 sarculo
744 2597 873 2669 exeunti
888 2597 1215 2697 communionemque
1236 2593 1444 2668 Eucharistiae
1465 2593 1641 2694 postulanti
1660 2595 1731 2694 epi-

161 2741 291 2814 scopus,
309 2741 343 2786 re
361 2714 518 2799 discussa,
536 2714 733 2788 oblationem
752 2715 852 2789 dabit.

210 2893 288 2964 lllll.
317 2890 362 2964 De
385 2891 593 2964 catechumenia
615 2893 671 2992 qui
685 2891 782 2991 fidem
808 2911 998 2992 negaverunt.
1023 2937 1075 2948 -
1097 2893 1145 2964 De
1165 2891 1403 2964 catechumenis
1423 2891 1537 2992 lapsis,
1554 2919 1679 2990 magnae
1698 2905 1730 2964 et

158 3025 274 3084 sanctae
292 3011 424 3111 Synodo
442 3012 580 3111 placuit,
600 3025 652 3097 ut,
670 3013 774 3084 tribus
796 3014 891 3085 annis
908 3013 994 3086 inter
1016 3011 1179 3085 auditores
1197 3010 1345 3112 expletis,
1363 3010 1515 3112 deinceps
1531 3026 1623 3084 orent
1645 3014 1730 3087 inter

158 3132 417 3206 catechumenos.
434 3129 548 3232 (231)

209 3307 273 3379 XV.
301 3303 347 3379 De
362 3305 557 3379 smerdotibaa
576 3307 642 3407 qai,
656 3306 787 3408 propriis
802 3309 926 3380 ecclesiis
942 3307 1076 3392 desertis,
1096 3305 1131 3380 de
1146 3309 1206 3379 loco
1221 3308 1252 3378 a'a
1267 3307 1362 3379 locam
1378 3322 1539 3378 trameant.
1557 3351 1609 3362 -
1628 3308 1730 3407 Prop-

158 3441 245 3500 terea
263 3428 366 3528 quod,
384 3425 505 3500 clericis
520 3427 734 3526 migrantibus
743 3429 973 3530 propriamque
989 3429 1160 3501 stationem
1173 3426 1451 3527 relinquentibus,
1464 3427 1621 3500 tumultus
1634 3428 1730 3500 multi

158 3561 189 3620 et
207 3549 429 3622 controversie
445 3549 643 3635 exoriuntur,
657 3577 782 3648 magnae
800 3564 831 3622 et
849 3564 965 3623 sanctae
983 3549 1114 3650 Synodo
1129 3549 1253 3649 placuit
1266 3563 1303 3621 ut
1318 3547 1451 3621 omnino
1468 3548 1638 3622 aboleatur
1652 3576 1730 3622 con-

156 3669 294 3743 suetudo
312 3670 367 3743 illa
390 3698 462 3773 quae
484 3671 518 3743 in
534 3671 628 3744 variis
650 3671 729 3744 locis
746 3686 857 3744 contra
879 3698 1017 3744 canones
1037 3670 1194 3755 obtinuit,
1211 3683 1243 3742 et
1262 3670 1401 3742 decrevit
1424 3683 1459 3742 ut
1477 3695 1571 3742 nemo
1594 3669 1633 3743 de
1651 3671 1729 3743 eivi-

156 3803 221 3863 tate
238 3791 273 3862 in
287 3791 445 3864 civitatem
463 3806 620 3878 transeat,
640 3793 705 3865 sive
729 3793 912 3894 episcopus,
932 3793 996 3865 sive
1016 3791 1181 3874 sacerdos,
1200 3791 1263 3864 sive
1285 3791 1453 3864 diacorum.
1479 3789 1575 3874 Quod
1593 3791 1635 3874 si,
1654 3804 1728 3892 post

155 3910 241 3983 banc
256 3939 380 4009 magne
398 3925 430 3986 et
444 3926 561 3985 sanctae
578 3913 701 4012 Synodi
719 3913 958 3998 definitionem,
976 3912 1101 4012 aliquid
1118 3911 1307 4011 hujusmodi
1322 3911 1495 4012 quisquam
1516 3937 1612 3983 ausus
1630 3913 1728 3984 luerit

156 4043 213 4103 aut
228 4045 414 4133 perpetrare
432 4035 649 4119 attentaverit,
670 4048 796 4134 oportet
810 4047 846 4107 ut
861 4034 993 4107 consilio
1015 4033 1226 4106 defraudetur
1246 4059 1305 4104 suo
1326 4045 1358 4105 et
1384 4033 1570 4105 restituatur
1587 4032 1727 4106 ecclesiae

156 4153 190 4224 in
207 4180 288 4252 qua,
306 4167 363 4226 aut
378 4154 563 4256 episcopus,
582 4167 639 4227 aut
656 4155 823 4240 sacerdos,
842 4169 899 4228 aut
914 4155 1070 4228 diaconus
1088 4153 1327 4227 ordinationem
1342 4153 1492 4253 suscepit.

206 4337 286 4410 XVl.
314 4339 360 4411 De
378 4339 437 4412 itta
453 4341 507 4439 qai
529 4340 591 4412 loca
610 4369 666 4412 suo
689 4341 839 4426 deserant,
862 4356 890 4413 et
907 4340 988 4440 qaod
1001 4367 1059 4412 aon
1079 4339 1179 4412 debeat
1199 4336 1383 4442 (episcopua)
1404 4338 1435 4409 ia
1453 4339 1569 4411 ecclesia
1583 4367 1639 4411 saa
1655 4367 1726 4411 coa-

155 4460 273 4532 ctitaere
289 4461 426 4532 caeram
439 4461 567 4560 aliquem
577 4461 631 4561 qai
644 4462 790 4562 sulp'ectur
801 4478 844 4534 ert
857 4461 910 4534 atti
921 4463 1055 4534 artata.
1066 4458 1250 4534 —Omnes
1268 4461 1342 4560 qui,
1354 4486 1413 4532 nec
1424 4459 1607 4560 periculum
1625 4487 1725 4560 repu-

157 4591 276 4664 tantes,
296 4607 355 4652 nec
373 4579 519 4652 timorem
538 4580 715 4653 Deicoram
726 4581 826 4653 oculis
838 4581 1012 4666 babentes,
1029 4607 1088 4654 nec
1102 4606 1259 4652 canonem
1275 4593 1442 4653 noscentes
1458 4579 1724 4664 ecclesiasticum,

155 4725 215 4772 nec
229 4699 407 4771 canonibus
419 4699 637 4785 attendentes,
656 4701 824 4774 ecclesiam
837 4701 1006 4784 deserunt,
1019 4701 1199 4800 presbyteri
1215 4713 1272 4772 aut
1285 4699 1428 4782 diaconi,
1445 4699 1479 4770 in
1502 4698 1607 4771 aliena
1624 4698 1726 4772 eccle·

154 4817 200 4890 sia
217 4819 391 4919 recipiendi
407 4847 473 4892 non
493 4833 585 4906 sunt,
604 4821 660 4894 sed
679 4821 768 4894 omni
784 4821 882 4894 modo
899 4821 1037 4918 urgendi
1056 4834 1133 4894 sunt
1152 4833 1189 4893 ut
1205 4820 1247 4893 ad
1262 4820 1332 4893 loca
1352 4847 1409 4892 sua
1425 4818 1570 4892 redeant.
1585 4818 1682 4902 Quod
1698 4819 1725 4891 si

154 4939 251 5011 etiam
266 4942 367 5039 pressi
385 4955 612 5042 permaneant,
630 4955 707 5014 tunc
725 4942 952 5015 communione
967 4940 1115 5042 privandi
1133 4955 1220 5013 sunt.
1236 4940 1274 5013 si
1292 4955 1400 5014 autem
1417 4939 1534 5040 aliquis
1557 4939 1726 5041 episcopus

154 5056 283 5130 fidelem
295 5060 337 5132 ad
355 5061 456 5134 alium
473 5062 691 5165 pertinentem
707 5088 820 5161 rapere
838 5089 935 5134 ausus
953 5063 1052 5136 fuerit
1074 5087 1215 5161 eumque
1235 5061 1269 5133 in
1284 5060 1415 5133 ecclesia
1436 5059 1633 5133 ordinaverit
1649 5088 1723 5145 sua,

154 5178 251 5251 invito
264 5207 360 5278 quem
369 5182 544 5284 dereliquit
554 5184 704 5284 episeopo
718 5183 787 5267 cui,
801 5184 1070 5282 canonisrogulu,
1085 5183 1248 5282 subjectus
1259 5196 1343 5266 erat,
1353 5182 1451 5281 hujus
1464 5180 1624 5254 ordinatio
1635 5182 1724 5256 irrita

154 5297 305 5371 babendo
322 5313 380 5373 est.
