3982 6082
244 589 286 634 m
854 565 1209 636 rnounnonnnt.

244 727 421 815 martyrem
449 715 611 804 referunt3
642 743 753 790 verum
786 741 891 818 pauca
922 717 1100 791 admodum
1134 743 1248 792 eruere
1278 715 1352 792 licet
1378 744 1416 790 cx
1447 717 1592 794 versione
1621 746 1694 820 syra
1724 719 1823 824 hujus

244 851 400 914 tractatus
416 837 460 912 ed
481 838 698 912 dirimendam
721 838 981 913 controversiam.
1006 838 1119 941 Capito
1142 838 1247 926 enim,
1268 839 1303 912 in
1323 838 1443 940 quibus
1463 839 1601 916 Michael
1624 842 1823 944 lequienius

245 959 369 1061 aliique
391 960 479 1034 docti
503 960 562 1036 viri
587 959 736 1034 heresim
765 960 987 1034 Nestoriannm
1014 960 1258 1062 deprehendere
1284 959 1489 1048 videbantur,
1516 963 1550 1037 in
1574 963 1685 1038 codice
1710 979 1821 1040 nostro

246 1080 380 1165 desunt,
399 1081 492 1184 quia,
511 1094 548 1154 ut
564 1080 703 1156 diximus
720 1077 770 1182 (p.
794 1079 870 1182 xx),
890 1081 1005 1154 lolium
1023 1079 1136 1154 saltem
1155 1107 1259 1154 unum
1281 1080 1400 1156 codicis
1417 1081 1542 1156 excidit.
1561 1083 1728 1172 Attamen,
1746 1114 1821 1160 cum

245 1201 428 1301 fragmenta
442 1229 461 1274 a
474 1201 568 1275 nohis
584 1200 671 1274 edita
688 1201 868 1300 generatim
880 1227 954 1274 oum
969 1200 1009 1275 iis
1024 1229 1096 1303 que
1112 1228 1215 1300 grece
1227 1201 1383 1301 leguntur
1398 1204 1606 1292 conveniant,
1618 1206 1733 1280 merito
1749 1235 1825 1280 con-

246 1322 378 1398 cludere
401 1323 478 1398 licet
500 1323 535 1396 in
557 1321 692 1423 reliquis
711 1322 833 1424 pariter
853 1349 961 1424 syram
981 1322 1161 1398 versionem
1184 1351 1259 1398 cunr
1277 1323 1453 1428 archetypo
1473 1353 1577 1426 greco
1597 1327 1820 1402 concordasse.

245 1443 387 1518 Proinde
409 1443 501 1519 nulla
521 1457 570 1517 est
588 1471 684 1518 cauea
702 1471 760 1518 cur
776 1443 964 1518 recedamus
986 1472 1007 1516 a
1023 1443 1149 1545 judicio
1172 1445 1262 1546 quod
1279 1446 1415 1547 protulit
1432 1447 1468 1520 in
1488 1447 1550 1522 hac
1570 1475 1607 1520 re
1624 1448 1822 1522 clarissimus

245 1565 349 1639 saneti
362 1566 482 1640 lustini
496 1565 613 1652 editor,
629 1565 827 1640 Prudentius
842 1566 1011 1652 Marnnue,
1028 1565 1110 1640 circo
1125 1565 1330 1669 probabilem
1348 1567 1479 1642 allectae
1495 1568 1730 1644 consessionis»
1745 1597 1823 1642 auc·

246 1700 366 1775 torem,
382 1700 510 1764 etatem
526 1699 626 1790 atquc
643 1687 838 1788 originem¹.

1003 1923 1072 1997 vll

297 2145 345 2222 De
365 2145 521 2222 Melitene
543 2161 601 2221 aut
617 2145 748 2221 Meletio
765 2147 813 2221 vir
830 2147 990 2221 hahemus
1012 2146 1102 2248 quod
1120 2143 1280 2220 addamus
1300 2145 1352 2220 his
1371 2173 1444 2249 que
1460 2145 1588 2250 paginis
1610 2147 1652 2221 16
1675 2161 1708 2222 ct
1728 2177 1822 2252 aga,

244 2270 278 2341 in
296 2267 398 2355 notis,
416 2267 718 2356 animadvertimus,
735 2267 864 2343 tumde
886 2268 1040 2369 Eutropio
1063 2267 1105 2341 ad
1123 2295 1222 2368 quem
1239 2267 1411 2368 epistolam
1422 2268 1548 2342 misisse
1561 2269 1673 2344 Melite
1692 2270 1823 2358 dicitur,

245 2402 316 2462 tum
329 2386 370 2462 de
385 2389 455 2492 ipso
470 2388 625 2463 Melitene
637 2402 695 2462 aut
706 2389 856 2475 Meletio,
866 2389 965 2490 hujus
979 2390 1121 2490 epistole
1134 2402 1276 2463 auctore.
1289 2390 1359 2465 lloc
1368 2403 1495 2464 tantum
1504 2418 1692 2479 monemus,
1707 2419 1826 2494 nempe

246 2510 331 2584 inter
339 2510 512 2596 Armenes,
525 2509 649 2582 seculis
660 2536 751 2582 vui-x
764 2509 864 2583 luisse
878 2510 1032 2583 acerrime
1045 2509 1245 2584 decertatum
1261 2511 1346 2585 circa
1358 2508 1442 2585 hanc
1455 2512 1682 2614 questionem,
1694 2513 1826 2600 scilicet,

246 2644 357 2704 uuum
375 2643 537 2732 oporteret
554 2631 716 2704 celebrare
734 2631 955 2718 Nativitatem,
974 2633 1192 2733 Epiphaniam
1208 2645 1305 2734 atquc
1326 2633 1528 2734 Baptismuur
1544 2633 1663 2708 Christi
1686 2662 1752 2708 una
1769 2663 1827 2710 ee-

245 2751 387 2853 demque
405 2751 480 2824 diel
499 2753 568 2826 lmo
584 2751 750 2826 Melitonis
769 2766 826 2826 aut
844 2753 964 2826 Meletii
978 2753 1196 2852 fragmentum
1212 2753 1338 2829 videtur
1355 2753 1488 2856 allegari
1506 2755 1548 2828 ab
1562 2770 1691 2830 auctore
1706 2755 1826 2829 codicis

247 2872 289 2945 ad
304 2873 560 2946 confirmandam
579 2873 766 2974 opinionem
786 2902 885 2976 quem
904 2874 1003 2948 hodie
1020 2888 1133 2948 tenent
1149 2876 1314 2950 Armeni&

297 2994 409 3068 Sancti
430 2993 595 3068 Melitonis
620 2995 813 3070 sardicensis
837 2996 980 3099 episcopi
1004 2997 1128 3070 clarum
1155 3011 1203 3070 est
1226 3024 1346 3072 nomen
1373 2995 1462 3099 apud
1483 2995 1649 3072 orientalis
1673 2995 1821 3071 Ecclesia

247 3114 377 3202 fideles,
401 3129 438 3188 ut
455 3115 607 3190 omnihus
629 3130 743 3192 uotum
768 3131 816 3192 est
834 3119 893 3221 qni
909 3119 1102 3222 Spios'hgr'um
1124 3119 1276 3219 grecum
1300 3118 1454 3192 Guilelmi
1476 3119 1643 3194 Curetonii
1660 3118 1820 3218 legerunt.

246 3237 351 3338 lpsius
364 3263 482 3312 nomen
493 3239 647 3344 frequens
661 3254 711 3314 est
722 3241 754 3314 in
769 3240 950 3326 codicibus,
963 3269 1022 3314 nec
1034 3268 1107 3314 raro
1121 3242 1193 3341 ejus
1204 3241 1372 3314 sententie
1385 3239 1569 3340 allegantur
1580 3240 1622 3312 eh
1636 3239 1822 3312 auctoribus

246 3359 338 3459 syris.
360 3359 534 3448 Praeterea,
559 3362 644 3435 inter
659 3361 811 3463 quedam
835 3364 1015 3460 fragmenta
1032 3376 1144 3436 sancto
1158 3362 1307 3438 Melitoni
1330 3363 1452 3436 tributa
1471 3375 1568 3464 atque
1592 3361 1656 3434 alia
1671 3359 1822 3464 quaedam

247 3479 442 3556 documenta
456 3510 528 3584 quse
542 3484 604 3557 suh
626 3484 759 3556 nomine
777 3484 812 3557 S.
830 3483 946 3558 lrenaei
964 3483 1052 3586 (vide
1068 3511 1102 3586 p.
1125 3481 1315 3588 tos-302)
1331 3499 1363 3558 et
1380 3484 1414 3557 S.
1429 3481 1601 3554 Alexandri
1612 3481 1823 3564 Alexandrini

246 3600 297 3705 (p.
319 3601 409 3703 tto)
422 3605 619 3689 referuntur,
635 3617 725 3676 tanta
745 3618 795 3678 est
809 3603 1002 3678 coherentia
1018 3603 1052 3677 in
1069 3604 1175 3691 ideis,
1191 3605 1295 3679 verbis
1313 3618 1411 3706 atquo
1436 3602 1619 3686 sententiis,
1638 3616 1675 3675 ut
1691 3603 1823 3675 conclu-

246 3725 324 3797 dere
350 3738 498 3825 oporteat
519 3739 668 3800 sanctum
692 3724 879 3799 Melitenam
907 3726 1067 3828 sequioris
1086 3727 1189 3800 etatis
1208 3725 1419 3828 scriptoribus
1441 3735 1556 3824 presto
1574 3721 1690 3806 luisse,
1717 3723 1763 3794 ita
1785 3737 1823 3798 ut

245 3844 298 3917 isti
319 3845 369 3918 vel
393 3872 470 3917 eum
489 3846 716 3920 tantummodo
733 3848 973 3949 exscripserint,
998 3849 1047 3924 vel
1072 3849 1174 3951 ipsius
1201 3875 1366 3923 sermones
1392 3844 1527 3920 dilatare
1550 3855 1607 3916 aut
1630 3845 1822 3918 contrahere

246 3965 430 4038 curaverint
438 3970 464 4038 ³.

988 4203 1077 4277 Vlll

307 4423 419 4497 Sancti
436 4422 566 4513 lrcnaei,
580 4421 794 4523 lugdunensis
811 4427 952 4531 episcopi
966 4441 997 4502 et
1010 4428 1173 4528 martyris,
1187 4423 1300 4527 quanti
1313 4417 1469 4494 momenti
1482 4416 1546 4488 sint
1560 4442 1659 4518 opera
1674 4414 1716 4487 ad
1729 4414 1824 4488 illus·

247 4543 401 4618 trandum
425 4543 545 4642 dogma
560 4542 770 4632 catholicum,
784 4547 894 4622 nullus
915 4563 964 4623 est
983 4549 1041 4652 qui
1059 4549 1197 4650 ignoret.
1219 4542 1314 4628 Quod
1334 4541 1368 4613 in
1391 4563 1486 4611 causa
1506 4548 1553 4606 est
1576 4561 1634 4607 cur
1653 4548 1822 4633 tantopere

247 4665 425 4738 dolendum
441 4665 483 4738 sit
496 4667 583 4753 hac,
595 4663 704 4768 quoad
719 4669 1044 4774 maximnmpartem‚
1062 4697 1164 4770 grece
1180 4662 1366 4766 deperdita,
1377 4659 1411 4730 in
1423 4655 1569 4729 versione
1581 4653 1682 4725 latina
1696 4665 1822 4724 tantum

246 4801 370 4864 servata
382 4788 494 4862 fuisse.
507 4786 619 4864 Versio
632 4787 734 4864 latina
747 4791 853 4868 fidelis
865 4807 913 4869 ost
925 4822 1020 4880 sane,
1034 4788 1195 4866 sedendis
1209 4798 1242 4860 et
1256 4784 1461 4882 aliquatenus
1474 4774 1650 4871 incompta.
1661 4770 1820 4856 Proinde,

246 4909 350 4986 donec
376 4937 517 5011 graecum
544 4911 706 5014 exemplar
727 4914 890 5016 integram
906 4930 1072 5020 repertum
1097 4909 1211 4994 luerit,
1230 4906 1257 4978 si
1284 4897 1403 4974 alicubi
1427 4895 1460 4965 in
1484 4889 1689 4964 bibliothecis
1705 4889 1819 4977 latent,

284 5167 292 5198 ¹
311 5163 355 5219 cn
366 5161 490 5236 Patsotog.
498 5181 571 5238 pree.
586 5171 645 5220 tom.
659 5165 704 5233 vt,
714 5167 761 5225 ool.
776 5169 942 5227 arod-xeos).
1109 5163 1120 5194 ⁸
1139 5156 1183 5214 Csr
1193 5151 1305 5228 spicileg.
1319 5135 1748 5216 otas.11,p.cn,eomsptetag.
1761 5160 1822 5198 ron.

284 5256 380 5312 ’Circa
389 5255 651 5316 hanccentroversiam
661 5261 998 5320 maltaexstantdecumenta
1073 5254 1136 5326 Aug.
1156 5248 1229 5310 Mali,
1245 5245 1293 5309 ΙΙΙ,
1313 5260 1338 5317 P·
1357 5240 1425 5312 699,
1443 5242 1469 5292 θΙ
1487 5232 1556 5287 ΝΜ
1572 5229 1684 5287 ΒΙΙΙΙοΙΙ.
1698 5231 1767 5290 Potr.
1784 5237 1823 5302 ll,

245 5349 271 5406 io
281 5349 407 5406 codicibus
417 5351 527 5408 armenis
541 5353 728 5426 parisiensibus.
1074 5346 1208 5420 phao-
1214 5323 1723 5414 Minue.Pfltt·8toe⁰t¹‚XVlll‚eol.hob,
1732 5330 1821 5385 none.
