3990 6092
185 615 187 618 ,
270 542 337 608 322
621 535 792 601 Parnon
823 533 1223 606 .lNTENlCAENORUM
1254 533 1489 602 hNhLECTl.

269 689 409 773 Quando
428 702 535 760 autem
556 687 791 786 proclamatur:
810 685 983 756 «Psalmus
1001 683 1187 768 ldithum,n
1206 698 1281 756 tunc
1302 685 1446 784 psalmus
1464 684 1608 758 ldithurn
1624 698 1681 758 est.
1698 687 1848 771 Quando

267 838 342 883 vero
367 809 509 881 dicitur:
529 807 709 886 «Davidim
735 820 812 879 tunc
838 806 940 878 David
967 819 1015 878 est
1043 807 1099 905 qui
1122 805 1277 904 loquitur.
1302 805 1442 890 Quando
1469 806 1601 879 demum
1626 807 1846 879 inscribitur:

269 930 466 1014 «Davidis»
485 928 525 1000 ab
542 928 612 1000 aliis
630 923 809 1027 (psalmus)
825 925 942 999 dicitur
957 953 1024 998 csse
1040 953 1137 1027 super
1156 926 1321 998 Davidem.

319 1052 357 1123 V.
385 1053 467 1123 Cum
485 1050 584 1147 igitur
599 1049 730 1121 diverse
748 1047 812 1118 sint
822 1047 908 1130 ode,
926 1075 1032 1147 neque
1050 1074 1163 1120 omnes
1176 1048 1305 1120 Davidis
1321 1049 1402 1131 sint,
1416 1048 1498 1120 torte
1514 1047 1647 1148 qnidam
1664 1047 1848 1148 postulabit

268 1201 325 1245 cur
340 1199 452 1244 omnes
473 1170 514 1242 ad
532 1169 685 1242 Davidem
705 1169 886 1240 reserantur
904 1181 1000 1268 atque
1014 1169 1076 1268 ipsi
1091 1167 1325 1241 adscribantur.
1342 1167 1406 1240 Nos
1425 1182 1533 1242 autem
1545 1168 1779 1270 respondemus
1795 1169 1867 1240 ad.

266 1296 334 1367 haec
348 1325 355 1364 :
371 1293 457 1375 Ouia
474 1292 541 1390 ipse
558 1290 618 1360 luit
637 1315 731 1360 causa
746 1289 955 1388 psalmorum.
975 1289 1047 1388 lpse
1063 1289 1149 1360 enim
1166 1301 1312 1361 cantores
1324 1287 1421 1386 elegit
1436 1301 1468 1362 et
1483 1303 1616 1390 propter
1630 1289 1693 1362 hoc
1705 1290 1746 1362 ad
1761 1317 1844 1362 eum

266 1416 350 1488 redit
368 1414 473 1486 honor
489 1411 554 1482 ille.
573 1411 730 1482 Praeterea
748 1437 962 1510 quecumque
980 1409 1128 1481 dixerunt
1148 1423 1294 1482 cantores
1311 1409 1352 1482 de
1371 1409 1490 1482 Davide
1508 1409 1647 1507 cogitata
1664 1425 1750 1483 sunt.
1768 1411 1845 1482 dd-

267 1537 422 1608 duccmus
440 1545 548 1604 autem
567 1531 656 1602 aliud
679 1531 898 1603 testimonium
914 1529 1004 1630 quod
1023 1531 1084 1601 hoc
1103 1531 1282 1602 confirmat.
1300 1530 1531 1605 Circumfertur
1549 1529 1656 1604 cliher
1674 1531 1789 1604 Esther
1807 1549 1845 1604 et

268 1655 527 1738 shlardochaeis3
542 1653 656 1724 Esther
668 1666 776 1724 autem
793 1679 894 1724 unum
911 1665 1036 1725 tantum
1051 1652 1200 1751 prestitit
1214 1652 1292 1724 dum
1308 1652 1415 1724 omnia
1429 1652 1555 1754 reliqua
1566 1653 1691 1752 peregit
1707 1652 1846 1725 Mardo-

267 1776 383 1847 chaeus.
400 1777 548 1848 Attamen
567 1774 649 1845 liber
667 1801 731 1844 non
748 1773 941 1845 adscribitur
958 1771 1159 1845 llardochaeo
1178 1771 1235 1844 sed
1251 1772 1391 1855 Estheri,
1409 1785 1439 1844 et
1456 1772 1497 1845 ob
1512 1771 1597 1845 hanc
1612 1772 1744 1873 quidem
1762 1801 1844 1846 cau-

266 1925 350 1980 sam,
367 1923 500 1997 nempe,
521 1897 614 1996 quia,
631 1923 703 1966 cum
727 1907 808 1966 esset
833 1895 960 1990 regina,
980 1921 1013 1965 se
1034 1907 1133 1965 totam
1157 1893 1290 1965 tradidit
1313 1920 1373 1993 pro
1398 1893 1500 1966 salute
1515 1887 1643 1994 populi.
1662 1893 1841 1994 Propterea

266 2020 298 2089 in
315 2020 384 2116 ejus
399 2017 555 2089 honorem
575 2015 761 2088 inscribitur
777 2015 878 2114 (liber
895 2012 968 2116 ille)
983 2046 991 2087 ι
1007 2014 1114 2087 eliber
1131 2014 1281 2087 Esther».
1296 2015 1369 2099 Quo
1385 2013 1485 2113 igitur
1501 2014 1615 2099 modo,
1634 2041 1708 2088 cum
1724 2015 1842 2088 luisset

266 2141 379 2211 Esther
399 2165 493 2210 cansa
515 2138 627 2210 salutis
647 2135 856 2218 blardoehaei,
877 2136 1062 2208 inscribitur
1080 2135 1191 2208 ssalns
1212 2134 1368 2220 Esther»,
1387 2149 1419 2207 et
1441 2135 1483 2208 ad
1499 2135 1614 2208 Esther
1635 2135 1773 2210 refertur
1794 2136 1841 2208 li-

264 2260 333 2344 ber,
353 2261 396 2334 ita
414 2261 545 2362 pariter,
564 2286 637 2330 cum
657 2257 756 2329 David
774 2258 872 2329 luerit
888 2283 983 2328 causa
1002 2254 1228 2329 laudationum
1243 2256 1374 2329 illarum
1390 2257 1424 2329 in
1440 2256 1596 2329 honorem
1615 2257 1690 2341 Dei,
1704 2255 1746 2329 ad
1761 2283 1840 2330 cum

265 2383 403 2453 retertur
421 2381 502 2452 liber
520 2378 734 2451 Psalmorum.

316 2559 368 2630 Vl.
398 2558 435 2630 ln
458 2557 603 2658 quinque
625 2569 732 2654 partes
756 2551 904 2626 dividunt
923 2553 1051 2625 Hebraei
1071 2579 1200 2626 omnem
1221 2552 1424 2626 Psalmorum
1442 2553 1578 2635 librum,
1596 2579 1735 2654 quarum
1759 2555 1840 2654 qni-

265 2681 338 2753 dem
366 2680 470 2780 prima
494 2676 708 2750 extenditura
735 2705 746 2747 1
770 2675 895 2775 psalmo
918 2674 959 2746 ad
979 2674 1044 2758 h03
1063 2674 1244 2747 secundae
1269 2675 1309 2746 lu
1334 2673 1377 2746 ad
1401 2702 1461 2774 713
1485 2674 1579 2748 tertia
1599 2702 1618 2748 a
1641 2701 1686 2774 7⁹
1707 2673 1750 2748 ad
1769 2673 1838 2760 883

266 2813 379 2903 quarta
398 2828 418 2872 a
437 2801 483 2900 89
504 2796 546 2870 ad
566 2800 652 2880 1053
671 2795 785 2899 quinta
800 2809 943 2870 autema
965 2794 1032 2868 106
1047 2793 1088 2867 ad
1107 2795 1206 2867 finem
1221 2794 1308 2868 libri.

316 2920 494 2996 Observare
515 2933 622 2991 autem
642 2930 769 3017 oportet
786 2917 965 2989 secundum
984 2915 1131 2990 ordinem
1149 2915 1338 2988 historicum
1352 2929 1534 3016 temporum
1551 2942 1618 2988 non
1634 2917 1761 3018 disponi
1779 2945 1837 2990 or·

266 3043 375 3115 dinem
392 3041 610 3143 psalmorum,
630 3067 740 3112 verum
759 3037 922 3110 multoties
936 3037 1035 3109 alium
1054 3063 1139 3121 esse,
1158 3050 1195 3110 ut
1210 3052 1323 3110 notum
1338 3036 1414 3110 lacit
1430 3037 1514 3110 liber
1528 3037 1664 3135 Regum.
1709 3105 1712 3109 .

317 3164 433 3236 Esdras
461 3164 560 3262 igitur
584 3176 621 3234 ut
644 3160 782 3235 aliorum
808 3160 966 3233 librorum
994 3158 1257 3260 propheticorum
1289 3159 1335 3232 ita
1362 3172 1395 3232 et
1419 3158 1460 3231 de
1482 3158 1670 3232 collectione
1695 3158 1838 3260 psalmo-

266 3314 338 3358 rum
358 3283 443 3388 (st)
459 3310 569 3356 euram
587 3285 662 3382 egit.
680 3280 818 3364 Omnes,
835 3309 901 3354 uno
921 3281 1101 3380 eodemque
1120 3295 1280 3380 ternpore,
1297 3306 1363 3354 non
1378 3281 1516 3365 invenit,
1534 3280 1591 3353 scd
1604 3280 1734 3354 diversis
1752 3293 1837 3354 tem-

265 3407 409 3507 poribus.
420 3407 625 3505 Quapropter
637 3404 742 3504 primo
755 3402 825 3474 loeo
839 3402 948 3502 posuit
960 3429 1042 3502 quos
1053 3402 1172 3501 primos
1182 3402 1322 3487 invenit,
1333 3414 1380 3486 et,
1392 3416 1464 3502 post
1478 3401 1571 3486 istos,
1584 3428 1638 3476 eos
1648 3403 1707 3502 qui
1717 3404 1837 3474 sensim

266 3529 384 3630 reperti
402 3540 487 3598 sunt.
512 3528 555 3599 Ea
576 3527 672 3597 etiam
693 3524 732 3596 de
752 3550 863 3607 causa,
884 3550 996 3594 omnes
1013 3523 1130 3621 psalmi
1153 3523 1210 3624 qui
1234 3536 1309 3596 sunt
1333 3522 1463 3596 Davidis
1480 3549 1584 3596 unum
1603 3537 1676 3623 post
1698 3523 1837 3596 alterum

267 3676 333 3722 non
358 3662 433 3720 sunt
452 3647 564 3747 positi,
578 3673 689 3718 verum
713 3646 797 3716 inter
819 3642 960 3743 psalmos
984 3643 1125 3716 filiorum
1144 3643 1242 3730 Core,
1260 3643 1385 3744 Asoph,
1409 3641 1531 3728 Ethan‚
1552 3641 1670 3743 Moysis
1692 3656 1725 3715 et
1745 3643 1839 3716 Salo·

267 3771 372 3842 monis
389 3769 490 3868 sparsi
508 3768 650 3839 luerunt.
666 3767 780 3837 Postea
798 3764 895 3836 etiam
911 3762 1027 3864 psalmi
1041 3762 1096 3863 qui
1114 3777 1191 3835 sunt
1207 3763 1352 3847 Davidis,
1367 3765 1420 3835 hic
1434 3764 1500 3836 illic
1518 3764 1613 3865 positi
1631 3765 1838 3864 reperiuntur

267 3891 301 3963 iu
318 3891 418 3973 libro,
433 3915 497 3960 non
513 3885 692 3959 secundum
710 3899 837 3986 tempus
855 3911 920 3986 quo
939 3884 1100 3957 decantati
1117 3897 1209 3967 sunt,
1225 3881 1282 3956 sed
1299 3885 1478 3956 secundum
1496 3899 1623 3984 tempus
1639 3912 1704 3984 qno
1721 3885 1837 3957 detecti

267 4026 352 4083 sunt.

319 4132 398 4204 Inde
423 4130 538 4204 accidit
559 4144 596 4202 ut
619 4129 666 4202 illi
686 4129 742 4232 qui
766 4128 880 4202 ordine
901 4125 1128 4222 chronologico
1152 4137 1243 4196 eram
1267 4125 1378 4225 primi,
1402 4125 1497 4225 positi
1516 4139 1624 4198 tamen
1646 4127 1767 4198 luerint
1782 4153 1837 4199 se·

268 4252 374 4326 cundo
393 4252 480 4337 loco,
497 4249 763 4352 quandoquidem
779 4261 851 4350 post
868 4247 948 4318 alios
962 4246 1079 4344 reperti
1098 4259 1184 4318 sunt.

318 4440 386 4512 Vll.
416 4439 484 4511 Hoc
500 4438 595 4510 etiam
613 4434 763 4509 accidisse
778 4433 854 4506 etin
868 4431 959 4506 libris
972 4431 1207 4532 Prophetarum
1224 4431 1379 4531 reperies,
1392 4430 1527 4516 scilieet,
1541 4432 1687 4506 ordinem
1705 4433 1839 4506 histori-

267 4589 340 4634 cum
358 4560 576 4656 interruptum
594 4585 662 4630 esse
683 4555 862 4628 secundum
887 4567 1014 4652 tempus
1035 4553 1239 4624 inventionis.
1261 4553 1301 4624 Et
1323 4551 1406 4624 illud
1429 4551 1561 4652 quidem
1580 4554 1782 4653 cognoscitur
1799 4583 1837 4628 ex

266 4682 356 4757 lactis
371 4707 511 4783 quorum
536 4705 630 4751 causa
649 4674 817 4776 compositi
841 4686 917 4746 sunt
938 4673 1064 4772 psalmi.
1084 4670 1231 4743 Psalmus
1252 4673 1338 4744 enim
1361 4673 1406 4744 58
1427 4674 1622 4773 compositus
1640 4687 1686 4746 est
1704 4673 1837 4774 quando

265 4805 345 4877 Saul
357 4803 445 4875 misit
458 4801 515 4901 qui
530 4799 748 4871 interficerent
758 4793 930 4875 Davidem;
942 4794 1085 4894 psalmus
1099 4804 1206 4864 autem
1220 4793 1264 4864 53
1279 4791 1382 4865 dictus
1395 4808 1443 4866 est
1452 4793 1584 4895 quando
1593 4795 1680 4867 venit
1690 4795 1790 4868 David
1800 4797 1836 4868 in

264 4924 369 4997 Necah
385 4922 426 4996 ad
440 4920 645 4994 Achimelech
659 4917 875 5002 sacerdotem,
893 4915 937 4987 56
958 4915 1061 4986 dictus
1080 4927 1127 4985 est
1148 4913 1181 4984 in
1203 4913 1355 5013 spelunca
1372 4913 1561 4999 Abdullam3
1577 4917 1616 4987 51
1639 4917 1836 5016 compositus

264 5059 312 5118 est
329 5044 370 5118 de
388 5045 478 5141 Doeg
496 5041 638 5114 ldumaeo
654 5037 785 5139 quando
803 5035 982 5110 calumnias
997 5034 1108 5108 intulit
1126 5033 1240 5108 Davidi
1257 5047 1290 5107 et
1305 5034 1525 5120 Achimelech;
1547 5035 1611 5119 ha,
1629 5037 1761 5137 quando
1782 5036 1836 5111 lu-

263 5181 354 5264 geret
373 5163 475 5238 David
495 5164 528 5234 in
553 5162 677 5236 deserto
695 5160 814 5244 Edom;
836 5159 901 5242 bh,
921 5156 1053 5259 quando
1072 5155 1194 5256 Ziphaei
1218 5156 1388 5229 calumniis
1412 5155 1566 5230 Davidem
1589 5157 1833 5257 impetiverunt;

267 5289 331 5368 55,
349 5285 479 5386 quando
496 5283 649 5358 Philistaei
667 5310 741 5355 eum
759 5280 854 5354 Gethi
872 5276 1173 5378 apprehenderunt;
1193 5305 1212 5376 9
1230 5292 1262 5350 et
1282 5279 1345 5360 50,
1365 5277 1498 5376 quando
1517 5276 1558 5350 ad
1575 5278 1729 5351 Davidem
1747 5279 1835 5350 venit
