3980 6084
269 541 335 606 [150
620 536 793 603 PATRUM
820 533 1220 602 ANTENICAENORUM
1246 534 1485 601 aruntem.

321 689 376 760 lll.
405 688 451 759 De
471 687 660 760 secularibus
678 687 732 785 qui
749 685 862 785 pluries
878 701 1050 784 nupserunt.
1070 726 1121 740 -
1140 685 1186 758 De
1206 683 1270 755 illis
1291 684 1347 783 qui
1365 683 1487 782 pluries
1511 697 1692 783 nupserunt
1712 699 1850 784 tempus

268 809 379 912 (222)
403 809 597 908 poenitentia
614 807 836 908 praescriptum
859 817 972 876 uotum
997 819 1055 877 est.
1079 803 1265 876 Abbreviari
1288 818 1395 876 tamen
1418 817 1539 902 potest,
1559 818 1680 877 attenta
1708 804 1849 877 illorum

270 930 334 1001 fide
353 943 408 1001 out
425 928 544 1026 agendi
562 929 695 1000 ratione.

321 1125 373 1196 lV.
401 1125 447 1196 De
463 1124 602 1223 illisqui,
622 1153 688 1196 com
704 1123 831 1196 scortari
846 1123 960 1206 volum,
978 1121 1128 1194 scortandi
1130 1122 1304 1225 facultatem
1320 1149 1378 1194 non
1395 1121 1509 1192 tatere
1524 1163 1576 1176 --
1594 1121 1688 1205 Quod
1707 1122 1735 1194 si
1747 1123 1846 1221 quis.

269 1245 438 1317 mulierem
455 1245 665 1346 concupiens,
686 1271 759 1316 cum
777 1271 814 1315 ea
833 1243 974 1316 dormire
991 1242 1143 1327 voluerit,
1166 1243 1223 1316 sed
1241 1242 1441 1343 propositum
1458 1242 1501 1314 ad
1519 1243 1754 1316 exsecutionem
1773 1270 1846 1314 uon

270 1367 414 1452 duxerit,
425 1365 572 1438 videatur
587 1365 692 1438 divina
708 1377 917 1465 praesematus
932 1364 1065 1460 gratial.
1084 1361 1155 1464 [Sin
1170 1391 1243 1436 vero
1261 1390 1330 1436 rem
1345 1376 1502 1436 attentare
1521 1389 1618 1436 ausus
1632 1363 1745 1448 luerit,
1757 1365 1847 1464 quin

271 1487 311 1588 ad
332 1488 481 1559 ellectum
494 1486 673 1558 conducere
688 1485 845 1584 potuerit,
861 1512 936 1556 reus
954 1485 1150 1584 poenitcutiae
1164 1481 1349 1584 habeatur]

322 1682 359 1755 V.
391 1681 437 1753 Dc
453 1681 662 1753 corteclomenis
677 1681 732 1780 qui
740 1697 872 1782 peccant.
889 1723 941 1734 -
957 1679 993 1752 si
1011 1679 1275 1766 catechumenus,
1291 1692 1465 1780 postquam
1482 1679 1655 1752 Ecclesiam
1677 1680 1848 1777 ingressus

271 1804 368 1876 luerit
383 1817 481 1904 atque
498 1803 582 1875 inter
602 1803 847 1876 catechumenos
866 1829 900 1874 se
922 1801 1102 1886 collocarit,
1121 1827 1266 1901 peccasse
1285 1799 1504 1900 deprehensus
1523 1801 1633 1886 luerit;
1653 1801 1679 1872 si
1699 1801 1740 1874 sit
1754 1803 1848 1874 inter

271 1952 326 1998 cos
342 1925 522 2024 quigcnua
545 1925 693 2008 flectunt,
718 1925 803 1998 inter
823 1923 987 1996 auditores
1012 1922 1211 2008 admittatur,
1234 1921 1332 1996 modo
1351 1922 1492 2023 amplius
1511 1949 1578 1995 non
1595 1936 1715 2022 peccet.
1737 1923 1794 2008 dt,
1814 1924 1847 1994 si

271 2047 356 2119 iuter
373 2045 536 2120 auditores
553 2046 712 2118 admissus
728 2045 921 2146 peccaverit,
935 2044 1092 2143 ejiciatur.

323 2241 375 2313 Vl.
404 2240 449 2312 De
475 2239 678 2311 catechumena
694 2237 874 2338 pregreonti.
890 2237 1177 2336 -Praegnantem
1197 2238 1299 2310 visum
1327 2251 1374 2310 est
1398 2237 1552 2338 baptizari
1573 2266 1683 2338 posse,
1711 2239 1843 2340 quotics
1972 2259 1973 2334 t

272 2363 423 2446 voluerit,
442 2360 603 2460 siquidem
631 2373 664 2432 et
686 2359 824 2460 parienti
845 2374 877 2431 et
896 2373 989 2459 parto
1020 2357 1101 2431 nihil
1120 2385 1291 2431 commune
1316 2374 1378 2442 est;
1403 2360 1558 2460 quoniam
1582 2361 1844 2460 uniuscujusque

271 2483 444 2556 voluntatis
461 2495 537 2554 sunt
551 2507 624 2582 quae
642 2481 676 2553 in
690 2477 751 2551 hac
766 2479 844 2552 fidei
862 2479 1062 2552 confessione
1078 2479 1338 2553 manifestantur.

322 2678 390 2750 Vll.
422 2677 509 2764 Quod
523 2675 671 2756 sacerdos,
685 2676 717 2746 in
729 2701 810 2746 coeno
827 2701 929 2745 corum
943 2674 997 2774 qui
1011 2673 1153 2746 emendos
1169 2675 1343 2747 connotent
1354 2677 1488 2775 nuptias,
1499 2704 1550 2748 acc
1566 2704 1667 2760 crore,
1683 2705 1734 2748 nec
1748 2705 1843 2748 man-

269 2799 377 2868 ducare
393 2797 502 2868 debeat.
518 2839 570 2850 -
587 2793 743 2866 Sacerdos
761 2820 802 2865 ne
826 2793 973 2866 comedat
995 2794 1029 2866 in
1052 2821 1140 2866 coena
1158 2793 1246 2866 illius
1263 2793 1321 2894 qui
1341 2795 1515 2866 secundam
1538 2796 1627 2868 ducit
1645 2824 1786 2868 uxorem.
1803 2797 1843 2868 Si

270 2918 357 2988 onim
380 2917 472 2988 aliter
492 2915 573 3012 agit,
591 2914 686 3014 quid,
703 2941 777 2986 cum
798 2914 1020 3013 poenitentiam
1042 2915 1251 3014 postulaverit
1267 2915 1325 3016 qui
1342 2914 1499 2988 secundas
1517 2919 1673 2989 contraxit
1694 2918 1842 3018 nuptias,

271 3035 478 3136 respondebit
492 3034 656 3118 sacerdos,
670 3036 726 3135 qui
743 3035 773 3106 ei
786 3035 911 3108 videtur
927 3063 1118 3108 consensum
1133 3035 1422 3137 praebuissemus
1436 3063 1533 3110 coenae
1544 3039 1788 3139 participando?

321 3232 405 3304 Vlll.
435 3231 479 3303 Dc
503 3230 564 3303 illia
588 3258 716 3330 quorum
742 3257 853 3302 uxores
876 3229 1023 3303 adulterio
1043 3231 1232 3303 committunt.
1250 3275 1302 3286 —
1320 3231 1416 3315 Quod
1436 3233 1463 3303 si
1487 3233 1654 3331 cujusdam
1679 3233 1842 3307 saecularis
1972 3277 1973 3324 3

272 3380 360 3436 uror,
378 3354 410 3424 in
428 3351 587 3424 adulterio
605 3350 821 3452 deprehensa,
836 3351 967 3450 publice
987 3365 1140 3450 coarguta
1157 3352 1270 3436 suerit,
1283 3351 1355 3423 talis
1371 3366 1406 3424 ut
1422 3353 1464 3424 ad
1477 3353 1691 3425 ministerium
1709 3354 1845 3427 accedat

272 3475 342 3546 lieri
361 3473 483 3572 nequit.
506 3471 542 3544 Si
561 3498 651 3555 vero,
668 3485 841 3572 postquam
868 3471 1103 3543 ordinationem
1121 3472 1313 3572 susceperit,
1336 3500 1416 3544 uror
1433 3475 1502 3571 ejus
1517 3474 1713 3550 adulterium
1729 3489 1844 3576 patra·

271 3595 367 3680 verit,
389 3621 459 3667 cam
480 3593 619 3664 dimittat
645 3605 786 3693 oportet3
810 3605 880 3676 aut,
900 3591 927 3662 si
949 3619 1021 3664 cam
1042 3619 1151 3666 secum
1169 3593 1302 3677 retinet,
1326 3621 1460 3668 munere
1482 3593 1544 3666 sibi
1562 3597 1731 3669 commisso
1750 3625 1843 3670 nuu-

272 3744 370 3817 quam
387 3713 525 3814 amplius
536 3713 630 3812 fungi
647 3713 739 3787 valet.

317 3909 375 3982 lt.
405 3909 450 3981 Dc
465 3907 684 3980 sacerdotum
706 3908 760 4007 qui
774 3925 966 4007 peccaverunt
990 3927 1056 3980 onte
1077 3909 1295 3982 ordinatiorem.
1315 3953 1366 3966 -
1383 3911 1540 3984 Sacerdos
1566 3913 1623 4014 qui
1646 3927 1740 3988 antea
1756 3941 1838 4014 pec-

273 4031 354 4103 cavit
369 4031 402 4102 in
418 4057 568 4130 corpore,
584 4029 611 4101 si
626 4028 757 4102 accedat
777 4042 813 4100 ut
829 4028 998 4101 ordinetur
1018 4043 1050 4102 et
1064 4029 1254 4104 confiteatur
1272 4059 1306 4103 se
1320 4059 1468 4131 peccasse
1487 4052 1562 4105 ante
1583 4034 1840 4118 ordinationem,

273 4179 338 4223 non
355 4151 485 4225 secedat
502 4149 543 4223 ad
553 4149 709 4250 majorem
724 4149 899 4233 cautelam,
919 4149 1022 4222 sedin
1041 4149 1173 4250 reliquis
1185 4151 1352 4224 ordinibus
1366 4166 1538 4225 remaneat.
1556 4154 1636 4225 Nam
1651 4155 1746 4227 multi
1763 4183 1844 4228 con-

273 4273 448 4345 tenderunt
461 4286 590 4372 peccata
607 4270 732 4372 reliqua
749 4270 869 4343 remitti
888 4269 1101 4344 ordinatione.
1119 4271 1155 4344 Si
1170 4285 1277 4346 autem
1296 4299 1363 4346 non
1376 4273 1578 4359 confiteatur,
1596 4275 1726 4374 publice
1744 4278 1842 4374 argui

273 4419 338 4464 non
357 4391 454 4477 valet,
470 4391 557 4464 unde
572 4390 631 4492 ipsi
644 4403 786 4492 potestas
801 4390 841 4462 de
857 4418 891 4462 se
908 4391 1123 4492 permittenda
1138 4405 1195 4466 est.
1213 4389 1324 4494 (223)

323 4584 360 4656 Χ.
388 4583 505 4656 Pariter
521 4583 557 4656 de
572 4584 701 4656 diacono.
717 4627 769 4640 -
785 4584 830 4656 lta
854 4584 950 4657 etiam
971 4583 1140 4668 diaconus,
1160 4585 1186 4657 si
1205 4583 1290 4659 idern
1314 4603 1480 4687 peccatum
1506 4589 1687 4674 admiserit,
1707 4591 1838 4664 diaconi

271 4703 455 4808 (streperet)
467 4705 604 4804 gradum
621 4706 764 4805 recipiat.

322 4901 374 4972 Xl.
403 4900 448 4972 De
469 4917 551 4972 etate
575 4927 635 4998 quo
655 4899 809 4972 sacerdotii
830 4900 1040 4972 ordinationem
1062 4901 1170 5000 aliquis
1187 4902 1333 5002 mopere
1350 4919 1456 5003 potest.
1474 4947 1526 4960 --
1543 4906 1715 4990 Sacerdos,
1741 4921 1840 4981 unte-

271 5049 369 5120 quam
393 5021 593 5120 trigesimum
612 5020 752 5116 attigerit
769 5047 907 5104 annum,
930 5018 1166 5093 ordinationem
1189 5049 1231 5094 ne
1247 5022 1409 5122 suscipiat.
1437 5023 1570 5098 Etiamsi
1595 5025 1713 5124 dignus
1736 5027 1837 5128 plane

309 5219 314 5248 ι
336 5216 438 5289 Reliqua
453 5233 511 5290 pars
527 5215 602 5288 hujus
618 5215 718 5269 mannis
732 5214 856 5268 omittitur
868 5215 894 5268 in
911 5231 990 5287 greca
1007 5213 1173 5271 editione.-—
1189 5219 1199 5250 ¹
1213 5215 1259 5270 llic
1271 5216 1403 5290 legendum
1420 5225 1470 5282 est,
1485 5220 1523 5274 vel
1538 5233 1615 5298 qoem.
1633 5227 1721 5299 (ὁ.)
1736 5197 1840 5306 ²⁵:⁵⁹·

270 5309 307 5362 rol
322 5332 369 5368 n.
384 5307 460 5388 l&
474 5307 568 5372 Ιμο.
