4006 6098
291 536 357 600 erc
399 484 405 497 ’
635 531 812 601 naraon
844 533 1243 603 rursurenuonou
1275 533 1513 602 autunum.

1050 793 1098 867 vl

515 965 795 1030 FRAGMENTUM
820 967 1027 1030 EPISTOLAE
1052 966 1104 1028 AD
1126 965 1290 1028 PAULUM
1320 965 1632 1038 SAMOSATEAUM,

567 1109 677 1166 CUJUS
692 1109 876 1166 EPISTOLAE
893 1109 1036 1165 rutmors
1053 1109 1137 1164 ssr=
1154 1108 1316 1164 “PRIMUM
1333 1107 1575 1165 scelestsrra.

342 1278 413 1351 Non
432 1277 519 1351 euim
539 1277 684 1352 Christus
709 1291 793 1350 totus
809 1292 877 1350 erat
894 1278 934 1351 de
961 1275 1113 1363 muliere,
1132 1277 1188 1350 sed
1204 1267 1406 1349 humanitate
1432 1289 1573 1364 tautum;
1593 1276 1632 1350 de
1659 1278 1726 1351 Deo
1749 1294 1859 1354 autem

291 1414 360 1473 erat
371 1399 518 1501 spiritu¹.
535 1399 688 1497 Alioquin
702 1424 807 1500 neque
820 1397 922 1471 Maria
934 1399 994 1472 Dei
1006 1398 1142 1498 genitrix
1157 1403 1321 1499 uuquam³
1334 1399 1438 1471 vocari
1452 1399 1623 1498 potuisset,
1637 1425 1743 1500 neque
1754 1400 1861 1474 Judaei

291 1521 511 1594 interfectores
531 1520 677 1604 Domini,
706 1520 767 1592 nisi
788 1519 934 1593 Christus
953 1521 1065 1592 suisset
1089 1521 1206 1593 Deus¹.
1228 1519 1310 1605 Sed,
1332 1519 1408 1619 quia
1431 1520 1518 1592 Deus
1540 1533 1624 1606 erat,
1647 1519 1860 1622 [haecomnia

291 1643 355 1714 dici
371 1641 591 1743 potuerunt⁵.]
611 1643 720 1741 Neque
739 1641 956 1742 impeccabilis
980 1641 1092 1714 fuisset
1114 1643 1236 1742 absque
1258 1641 1513 1716 mortificationis
1531 1641 1658 1727 labore,
1678 1667 1784 1742 neque
1806 1671 1861 1714 sa-

291 1764 383 1865 piens
402 1763 568 1836 exstitisset
592 1764 713 1865 absque
736 1763 882 1846 doctore,
903 1763 994 1862 quie
1013 1775 1121 1835 nostro
1144 1791 1278 1863 corpore
1299 1776 1394 1835 uatus
1418 1776 1481 1848 est,
1503 1763 1564 1834 nisi
1587 1763 1674 1837 Deus
1691 1778 1784 1836 esset.
1802 1765 1859 1840 At,

292 1883 417 1969 omnia,
441 1884 499 1956 Dei
524 1911 630 1969 more,
651 1899 801 1984 operatus
820 1899 867 1956 est
886 1917 894 1957 s
911 1885 1013 1958 voluit
1028 1897 1062 1958 et
1086 1899 1233 1957 mortuus
1253 1899 1316 1968 est;
1341 1883 1442 1956 voluit
1460 1898 1492 1958 et
1514 1911 1532 1956 a
1556 1884 1690 1957 mortuis
1707 1885 1860 1968 surrexit,

292 2005 368 2105 quia
383 2005 570 2104 unigenitus
585 2020 655 2080 erat
671 2006 731 2080 Dei
748 2007 773 2078 F
773 2006 879 2079 ilius¹.

1042 2254 1110 2329 v11

523 2444 801 2510 FRAGMENTUM
822 2446 1030 2509 EPlSTOLAE
1051 2445 1103 2507 AD
1124 2445 1289 2509 PAULUM
1311 2445 1623 2518 SAMOSATENUM,

668 2589 780 2645 CUlUS
796 2590 939 2645 la'tTIUM
957 2589 1039 2644 EST:
1055 2589 1218 2645 «Parnon
1236 2590 1435 2646 SCRlPSlSTl
1454 2599 1481 2644 v.

342 2773 407 2861 Qui
423 2791 531 2849 autem
549 2775 739 2849 demortuis
757 2774 892 2848 surrexit
910 2790 957 2848 est
976 2777 1120 2849 Christus
1139 2777 1242 2849 lesus.
1260 2777 1357 2849 «Sive
1376 2775 1461 2848 enirn
1480 2777 1629 2862 vivimus,
1645 2777 1691 2852 ait
1710 2777 1862 2881 (Aposto-

291 2895 400 2999 nlm),
415 2897 479 2970 sive
494 2898 662 2984 morimur,
678 2898 808 2970 Domini
823 2923 945 2970 sumus.
963 2899 999 2970 ln
1017 2897 1079 2970 boc
1095 2899 1180 2970 enim
1198 2899 1344 2972 Christus
1363 2911 1508 2971 mortuus
1524 2912 1572 2970 est
1589 2911 1620 2971 et
1638 2901 1808 2973 resurrexit
1825 2913 1862 2972 ut

291 3032 348 3092 net
372 3033 573 3092 mortuorum
592 3033 624 3091 et
640 3019 785 3090 visorum
811 3017 1052 3092 dominatura„
1073 3021 1159 3092 Deus
1181 3017 1293 3122 (175)
1311 3019 1398 3092 enirn
1423 3033 1470 3092 est
1495 3034 1611 3092 natura
1635 3045 1694 3092 sua
1719 3020 1776 3122 qui
1794 3023 1863 3094 Do-

290 3139 397 3212 minus
415 3153 463 3212 est
483 3141 644 3223 omnium,
669 3155 721 3226 ut,
745 3168 819 3212 eum
844 3167 928 3225 esse,
947 3168 1020 3214 curn
1045 3169 1080 3214 ex
1101 3141 1287 3214 vulneribus
1312 3167 1387 3212 eum
1413 3141 1609 3238 agnovisset,
1633 3142 1795 3214 consessus
1813 3157 1861 3214 est

289 3259 444 3344 Thomas,
471 3261 678 3334 exclamando
708 3291 716 3334 ε
741 3262 925 3334 «Dominus
952 3291 1042 3336 meus
1066 3277 1097 3336 et
1125 3264 1211 3336 Deus
1236 3264 1389 3335 meus¹ln
1419 3263 1504 3334 Deus
1535 3275 1603 3334 erat
1634 3262 1859 3362 Apostolorum

289 3395 489 3464 sanctorum,
509 3408 574 3453 non
595 3380 650 3454 ille
669 3382 724 3482 qui
747 3395 862 3453 natura
877 3382 991 3467 bomo,
1008 3382 1064 3454 sed
1081 3383 1137 3455 ille
1153 3383 1209 3482 qai
1225 3396 1341 3455 natura
1357 3383 1444 3455 Deus
1462 3397 1546 3467 erat,
1562 3381 1616 3454 ille
1633 3383 1689 3484 qui
1708 3383 1742 3455 in
1759 3384 1862 3456 baere-

289 3502 421 3574 ditatem
436 3517 549 3599 gentes
566 3501 740 3602 accipiens,
754 3501 960 3602 judicaturus
978 3517 1025 3576 est
1045 3529 1175 3575 omnem
1200 3517 1318 3575 terram
1336 3505 1515 3576 secundum
1536 3505 1625 3605 quod
1643 3503 1764 3577 dictum
1782 3521 1829 3577 est
1850 3537 1859 3577 ι

288 3622 434 3721 «Surge,
449 3623 552 3708 Deus,
566 3624 676 3723 judica
695 3638 830 3707 terram,
848 3624 1002 3724 quoniam
1021 3637 1055 3696 tu
1071 3622 1277 3696 hereditabis
1294 3624 1327 3695 in
1345 3625 1496 3697 omuibus
1512 3624 1734 3722 gentibus¹¹.n

339 3744 364 3815 F
365 3744 440 3816 ilius
458 3758 489 3817 et
507 3745 625 3831 haeres,
645 3757 718 3844 post
741 3771 817 3816 suos
835 3771 941 3817 servos
962 3743 1156 3846 Prophetas,
1178 3744 1310 3817 demum
1330 3759 1478 3818 mortuus
1496 3759 1560 3830 est,
1584 3760 1620 3818 ut
1636 3745 1705 3847 ipse
1727 3745 1805 3818 diris
1823 3744 1858 3816 in

287 3862 503 3964 Euangeliou,
531 3866 708 3938 secundum
731 3865 820 3966 quod
839 3879 907 3938 erat
927 3866 1025 3938 bomo
1041 3867 1201 3950 Christus,
1221 3880 1254 3938 at
1281 3893 1347 3938 non
1370 3867 1548 3939 secundum
1569 3868 1657 3968 quod
1675 3894 1768 3939 rems
1790 3882 1859 3939 erat

288 3985 374 4058 Deus
392 3985 447 4058 ille
465 3986 521 4086 qui
537 3985 578 4057 ab
595 3985 743 4058 universo
766 3985 919 4060 adoratur
935 3988 1023 4059 orbe.
1043 3988 1281 4060 lncarnatum¹¹
1299 3985 1386 4058 enim
1405 4001 1452 4059 est
1470 3986 1611 4059 Verbum
1630 3987 1688 4059 Dei
1705 4015 1740 4059 er
1755 3986 1858 4058 Maria

287 4105 434 4206 Virgine,
460 4123 558 4207 atque
577 4105 621 4179 ita
644 4107 677 4179 in
698 4135 731 4180 se
753 4107 934 4208 passionem
959 4109 1125 4192 sustinuit,
1148 4107 1299 4207 indigens
1317 4122 1348 4181 et
1365 4109 1642 4208 pauper'lactum,
1670 4136 1796 4207 susque
1815 4107 1858 4179 ad

288 4241 467 4312 «mortem,
483 4243 619 4301 mortem
640 4242 747 4302 autem
766 4227 884 4312 crucis,
904 4227 978 4302 licet
995 4228 1119 4330 aequale
1137 4230 1205 4301 Deo
1224 4235 1380 4314 esset¹³3s
1399 4244 1434 4302 ut
1452 4229 1606 4329 scriptum
1625 4241 1672 4300 est
1691 4256 1698 4298 ε
1717 4227 1857 4300 «Factus

324 4443 331 4476 ¹
352 4440 419 4496 l'crti
427 4449 506 4516 polest
515 4465 521 4496 :
530 4443 567 4498 vel
576 4439 683 4498 ffisarsm
690 4441 790 4516 scripsi,
798 4443 836 4498 rel
846 4441 1034 4517 Primatum-ip-

284 4535 345 4589 sisti
364 4539 405 4598 At,
420 4536 441 4589 si
457 4535 614 4590 attendamus
628 4537 726 4610 punctis
741 4537 863 4592 vocalibus
884 4555 940 4610 quse
960 4537 1034 4593 lrabe-

286 4647 342 4683 mus
363 4628 389 4682 in
411 4627 481 4683 initio
501 4629 629 4702 sequentis
645 4629 790 4703 fragmenti,
809 4629 955 4685 vertendum
973 4639 1031 4686 est:

286 4720 393 4775 Dimum
415 4722 540 4794 scsa'pss'sts'.
557 4751 595 4760 -
615 4726 625 4755 ¹
646 4721 693 4776 llic
711 4722 799 4796 incipit
817 4722 871 4778 cod.
892 4725 920 4778 Β.
935 4754 973 4766 -
988 4725 1032 4779 ¹D

284 4815 364 4868 omitt
377 4833 492 4888 unquam.
503 4845 540 4855 -
550 4815 560 4848 ¹
572 4814 619 4869 llic
628 4813 720 4869 desiuit
730 4815 783 4870 cod.
794 4817 867 4872 A.——
878 4817 958 4881 ¹011ae
969 4817 1035 4872 inter

285 4909 389 4963 uncinos
403 4908 532 4983 posssimus
541 4908 630 4962 omissa
642 4916 701 4962 sunt
712 4907 739 4964 iu
751 4909 847 4972 codice,
857 4918 883 4964 st
898 4912 1034 4966 necessario

283 4999 421 5076 supplenda
433 5008 499 5056 suut.
508 5034 545 5042 -
559 5005 570 5034 ¹
582 4999 627 5056 His
640 5021 696 5075 qma
708 5002 748 5057 bic
758 5003 896 5058 recitantur
907 5004 1033 5058 simillima

285 5093 399 5168 quedam
423 5095 529 5169 legimus
555 5095 582 5150 iu
606 5095 701 5160 blansi,
721 5094 851 5151 Sociorum
877 5095 1034 5151 Gonabomsm

285 5185 353 5242 Noun
367 5201 388 5243 st
404 5183 556 5260 Amplissimos
575 5185 696 5254 collectio,
712 5189 734 5254 l,
752 5189 1033 5255 eol.10t5-1ot6‚1).

285 5283 343 5321 -7
364 5279 421 5335 llsec
437 5300 516 5354 graece
528 5281 630 5337 excitato
646 5284 698 5354 jam
718 5283 786 5339 luere
804 5285 830 5338 iu
846 5283 955 5358 Epistola
974 5283 1034 5338 Dio-

1109 4447 1173 4520 aps's's'
1193 4443 1226 4500 orl
1250 4443 1352 4500 Paulum
1371 4441 1572 4499 samosatenum:
1593 4442 1689 4507 Mansi,
1710 4462 1749 4514 op.
1771 4443 1810 4495 cit.
1832 4441 1857 4504 l,

1108 4539 1155 4594 ccl.
1172 4539 1341 4602 ιοὺΒ-ιοήίι,
1358 4536 1423 4593 B-E.
1441 4539 1469 4592 lu
1482 4529 1601 4612 plurimis
1616 4544 1699 4594 umen
1713 4533 1797 4590 differt
1813 4554 1857 4608 sy-
1980 4559 1981 4578 t

1109 4633 1188 4686 ricem
1203 4651 1217 4686 a
1231 4651 1311 4706 greco
1324 4639 1400 4686 testu.
1412 4663 1450 4672 -
1466 4633 1476 4664 ¹
1493 4629 1531 4684 Aa
1547 4629 1675 4694 Romanos,
1689 4647 1736 4692 rav,
1753 4631 1807 4700 Dp.
1819 4661 1859 4674 μ-

1109 4724 1214 4780 ”hamb
1233 4744 1273 4789 ¹1,
1289 4727 1333 4781 28.
1349 4755 1387 4766 ·-
1402 4727 1420 4759 ¹¹
1435 4722 1525 4778 Psalm.
1542 4743 1622 4785 assas,
1640 4723 1664 4776 8.
1682 4754 1720 4763 -
1735 4725 1751 4756 ¹¹
1771 4719 1857 4776 blattis.

1112 4837 1185 4882 xxm,
1203 4819 1297 4891 31-37.
1308 4849 1346 4858 -
1360 4821 1377 4852 ¹¹
1389 4817 1436 4872 Hic
1454 4816 1541 4891 incipit
1555 4816 1631 4872 codes
1647 4816 1679 4880 Βς
1697 4833 1785 4870 serum
1804 4816 1857 4890 ipss

1109 4911 1203 4985 praebet
1213 4912 1288 4966 aliem
1300 4911 1404 4966 omniuo
1417 4911 1571 4965 versionem:
1588 4909 1749 4964 slncsrustus
1764 4913 1800 4963 ast
1811 4908 1859 4983 igi·

1110 5014 1171 5060 stur
1183 5007 1250 5060 Deris
1263 5023 1291 5060 er
1305 5004 1383 5060 Maria
1394 5003 1507 5078 Virgine,
1519 5011 1641 5059 tormenta
1654 5020 1699 5075 pro
1713 4999 1785 5056 uobis
1799 5019 1857 5056 sus-

1110 5099 1199 5162 stolit‚
1213 5097 1329 5172 indigcas
1346 5098 1423 5152 sactus
1438 5104 1515 5152 estet
1532 5095 1672 5150 humiliavit
1687 5113 1715 5150 se
1732 5113 1812 5168 nsque
1824 5094 1858 5147 od

1110 5199 1247 5256 «mortem,
1265 5198 1369 5246 mortem
1385 5197 1469 5245 autem
1483 5190 1574 5254 crucis,
1589 5196 1654 5244 etan
1669 5219 1706 5228 —-
1719 5191 1737 5222 ¹³
1752 5187 1857 5260 Reliqua

1110 5285 1200 5340 slesunt
1214 5284 1240 5338 in
1252 5287 1279 5342 A.
1296 5283 1334 5338 Ad
1346 5283 1448 5356 Heils'pp.
1466 5301 1496 5345 u,
1510 5285 1536 5336 6.
