3990 6092
581 611 781 679 SANCTUS
811 611 1058 680 DIONYSlUS
1079 615 1375 683 ‘AREOPlGl'l'll
1697 616 1762 685 267

193 787 291 861 super
310 761 391 833 illud
410 775 631 834 coruscantem
644 761 775 834 vidisset
792 762 917 859 iguem,
932 764 1100 862 cujusdam
1119 766 1220 837 sancti
1236 766 1295 837 viri
1317 779 1414 865 caput
1431 793 1499 838 esse
1517 768 1707 865 conjiciens,
1723 769 1766 842 ad

192 882 410 983 patriarcham
421 881 555 980 Xystum
575 909 641 955 rem
661 882 904 986 totam—detulit.
926 884 1034 969 Unde,
1051 885 1202 958 fidelibus
1220 899 1318 986 caput
1334 887 1429 959 Pauli
1447 913 1515 960 esse
1529 889 1764 974 asserentibus,

193 1004 375 1103 patriarcha
390 1004 506 1102 Xystus
523 1003 709 1102 respondit:
725 1005 792 1078 «Ut
806 1005 946 1077 sciamus
963 1033 1005 1078 an
1020 1033 1093 1079 vera
1113 1007 1178 1079 sint
1192 1035 1264 1109 quae
1280 1007 1402 1092 dicitis,
1417 1035 1478 1106 ego
1494 1024 1592 1109 ceput
1608 1010 1650 1082 ad
1664 1011 1766 1112 pedes

195 1125 364 1226 «Apostoli
380 1124 525 1198 delerem
542 1125 732 1224 vigiliasque
755 1153 888 1224 agemus
904 1153 964 1227 per
980 1140 1079 1199 totam
1108 1141 1246 1200 noctem.
1276 1128 1395 1213 Porro,
1419 1130 1446 1200 si
1475 1131 1516 1202 ad
1538 1130 1645 1203 locum
1669 1159 1765 1204 suurn

194 1245 351 1318 «redierit
364 1258 477 1344 caput,
495 1259 618 1318 certum
640 1246 701 1317 erit
715 1245 861 1346 Apostoli
883 1273 989 1319 esse.»
1006 1247 1065 1320 His
1080 1248 1284 1320 consentiens
1302 1247 1458 1348 populus,
1483 1251 1517 1322 iu
1542 1251 1658 1349 vigiliis
1677 1252 1765 1325 iate-

193 1393 284 1464 gram
303 1378 429 1438 noctem
453 1367 625 1464 transegit,
652 1380 764 1466 atque,
794 1394 926 1467 corpore
949 1369 1044 1467 capiti
1067 1369 1214 1452 admoto,
1237 1370 1280 1440 ita
1305 1370 1459 1442 vertebrae
1479 1373 1599 1470 junctas
1622 1387 1698 1445 sunt
1724 1374 1765 1446 ad

195 1487 331 1560 invicem
349 1514 386 1558 ac
403 1487 430 1558 si
448 1514 616 1588 nunquam
632 1490 770 1587 praecisa
784 1489 930 1562 luissent.
952 1490 1061 1573 Quare
1078 1491 1220 1590 populus
1236 1490 1331 1562 Pauli
1346 1505 1444 1591 caput
1457 1517 1526 1564 esse
1542 1493 1679 1565 credidit
1690 1499 1712 1565 ¹.

247 1608 314 1680 Vll.
345 1607 415 1708 [Vre
432 1608 528 1692 mibi,
547 1608 700 1710 lrater¹ll
725 1603 853 1694 Talem,
873 1624 965 1710 pater
990 1610 1182 1711 spiritualis,
1204 1638 1271 1683 non
1293 1613 1469 1684 merebaris
1490 1616 1668 1686 mortem³l
1696 1615 1766 1716 [Vae

194 1729 390 1829 mihiquem
414 1742 466 1813 tu,
491 1729 654 1827 magister,
673 1730 778 1803 solum
793 1730 1015 1833 reliquisti¹!]
1041 1731 1094 1803 vae
1116 1731 1214 1804 mibi!
1239 1733 1313 1815 Quo
1341 1732 1422 1806 ibo?
1445 1734 1499 1805 Vae
1526 1735 1625 1806 mibi!
1652 1735 1713 1808 Ubi
1736 1749 1767 1809 te

195 1850 404 1951 perquiram?
424 1852 476 1924 vae
491 1851 588 1932 mihi,
610 1851 859 1926 christianorum
882 1852 999 1925 decus!
1026 1853 1079 1924 llas
1099 1852 1194 1934 milvi,
1214 1854 1385 1950 gentilium
1409 1853 1530 1952 gloria!
1556 1856 1638 1938 Quis
1657 1857 1699 1929 ad
1723 1859 1768 1930 si-

193 1971 330 2044 lentium
357 1972 482 2071 redegit
504 1973 589 2044 tubae
616 1978 700 2046 tuae⁵
723 1973 923 2072 clangorem,
948 2001 1056 2047 vocem
1078 1974 1251 2048 Ecclesiae?
1271 1975 1353 2058 Quis
1381 1975 1537 2048 citharam
1560 1991 1650 2049 tuam
1671 1979 1769 2078 spiri-

195 2092 347 2178 tualem¹‚
368 2093 475 2166 divine
497 2092 656 2190 tragoeda,
677 2096 897 2194 compescuit?
920 2095 1092 2178 Quomodo
1110 2095 1285 2195 discipulos
1306 2109 1380 2168 tuas
1401 2096 1515 2182 adibo,
1536 2099 1689 2196 magister
1710 2127 1768 2172 ve-

193 2215 318 2288 ritatis?
331 2214 418 2297 Quid
433 2215 474 2288 de
486 2229 517 2288 te
534 2215 599 2288 illis
613 2216 776 2288 referam?
792 2217 878 2290 Tene
894 2217 1071 2299 inclusum,
1089 2231 1162 2290 tene
1179 2218 1317 2289 vinetum
1332 2217 1460 2290 dicam?
1475 2218 1602 2302 Quibus
1619 2221 1768 2320 indiges?

193 2337 299 2420 Quem
319 2335 449 2410 illorum
467 2336 509 2410 ad
528 2351 557 2408 te
576 2338 727 2410 mittam?
742 2338 823 2421 Quis
842 2339 972 2411 illorum
987 2338 1046 2410 tibi
1062 2339 1187 2411 videtur
1203 2339 1425 2412 necessarius?
1440 2339 1469 2412 0
1486 2340 1613 2414 vincula
1631 2343 1766 2442 quibus,

193 2457 321 2530 duobus
339 2458 449 2542 annis,
466 2459 589 2532 vinctus
608 2460 716 2532 suisti!
735 2460 941 2559 ierosolymis
960 2459 1092 2561 quidem
1108 2459 1218 2561 (246)
1239 2459 1366 2534 vincula
1383 2462 1551 2562 suscepisti
1568 2489 1640 2563 que
1659 2463 1768 2535 llomrs

193 2579 381 2680 deposuisti.
402 2580 503 2654 David
521 2581 563 2653 ita
582 2581 669 2654 llevit
683 2613 691 2654 :
707 2581 802 2666 allae,
821 2581 869 2654 fili
883 2583 948 2654 mil
967 2583 1035 2666 Vas,
1052 2582 1099 2654 lili
1119 2582 1227 2654 mi⁷lc
1242 2583 1334 2654 Nunc
1352 2595 1477 2667 autern,
1494 2582 1574 2654 mihi
1590 2583 1765 2656 dicendum

193 2714 260 2774 est:
278 2702 372 2784 ellae,
390 2703 542 2799 magister
559 2703 624 2774 mil
644 2703 713 2787 Vae,
733 2703 886 2800 magister
902 2704 948 2776 mi
961 2705 996 2776 t„
1015 2703 1085 2776 Non
1100 2717 1148 2776 est
1163 2704 1248 2776 enim
1266 2703 1393 2775 medela
1411 2703 1514 2803 plegae
1532 2705 1639 2789 huic⁸,
1658 2731 1765 2804 neque

193 2822 370 2896 consolatio
394 2821 451 2895 tali
472 2825 591 2907 luctui,
611 2850 718 2925 neque
737 2826 861 2898 sanatio
881 2838 969 2897 tanto
989 2824 1105 2897 dolori.
1129 2825 1294 2906 Viventes,
1315 2824 1455 2925 [angelis
1472 2825 1764 2926 hominibusque⁹]

193 2944 411 3043 spectaculum
430 2945 506 3016 lacti
522 2945 612 3028 estis;
630 2958 802 3030 ettamen,
818 2958 946 3016 mortua
963 2972 1097 3044 corpora
1112 2959 1236 3027 vestra,
1256 2959 1292 3016 ut
1305 2945 1482 3018 bestiarum
1498 2947 1668 3032 cadavera,
1684 2974 1764 3048 pro-

188 3065 281 3167 jecta!
292 3067 384 3138 sunt?
405 3066 493 3149 Quot
510 3065 651 3137 ecclesiae
668 3069 789 3137 nunc¹⁰
806 3079 941 3136 vestram
958 3067 1250 3150 conversationem,
1270 3079 1350 3166 quot
1365 3067 1544 3139 sacerdotes
1560 3083 1696 3140 vestram
1712 3096 1766 3140 sa-

191 3187 293 3259 lutem
307 3185 507 3259 desiderant!
525 3187 612 3270 Quot
627 3185 777 3284 discipuli
791 3212 877 3258 nunc
891 3191 913 3229 ¹¹
932 3185 1077 3285 undique
1094 3186 1243 3284 proiecti,
1258 3186 1299 3258 ad
1311 3215 1365 3258 vos
1376 3189 1555 3272 venientes,
1568 3193 1763 3289 properant!

193 3308 282 3390 Quot
299 3307 441 3406 epistola
457 3305 697 3407 [consolatoria
713 3332 799 3377 nunc
815 3305 951 3377 salutem
970 3319 1105 3378 vestram
1122 3306 1289 3378 delerant!
1307 3307 1411 3380 Hodie
1426 3309 1559 3380 Romam
1578 3325 1688 3409 petere
1700 3311 1764 3382 dis-

192 3428 292 3527 cipuli
311 3427 480 3510 desinunt,
500 3454 575 3499 narn
605 3426 702 3499 hodie
720 3427 856 3526 orphani
875 3426 949 3498 lacti
971 3441 1057 3499 sunt.
1075 3427 1156 3510 Quis
1176 3427 1299 3500 insulas
1318 3457 1430 3528 pacem
1449 3457 1545 3528 agere
1564 3430 1764 3532 docebit¹¹?]

193 3549 274 3631 Quis
290 3553 411 3620 nnnc¹¹
427 3548 541 3621 Libros
559 3561 685 3620 sanctos
702 3547 986 3648 interpretabitur?
1001 3549 1136 3622 Romam
1152 3548 1291 3648 amplius
1309 3577 1374 3621 noa
1390 3565 1552 3649 petemus,
1570 3579 1676 3652 neque
1695 3579 1766 3623 am-

231 3765 238 3794 ¹
259 3760 348 3816 Omnis
362 3779 480 3816 numerus
493 3761 536 3816 ille
551 3781 574 3816 vv
587 3762 711 3817 omittitur
724 3762 749 3818 in
765 3761 848 3818 codice
863 3765 891 3816 Α.
903 3795 942 3804 -
1016 3763 1097 3816 omitt.
1107 3763 1264 3834 spirituales.
1276 3769 1332 3804 —7
1353 3765 1375 3820 ll
1388 3763 1446 3836 llsg.
1463 3783 1512 3828 irs,
1527 3765 1551 3818 lt.
1566 3768 1624 3805 -ὅ
1643 3766 1718 3818 Aeon
1731 3778 1767 3820 est

192 3857 203 3885 ²
222 3853 332 3906 Bomitt.
346 3861 370 3907 et
386 3854 445 3928 legit
458 3853 544 3927 bgv'tuv.
557 3887 594 3895 -
608 3859 618 3888 ³
637 3855 656 3910 B
670 3875 683 3906 o
698 3856 813 3930 aregium
825 3855 939 3910 ueritatis.
1015 3857 1082 3910 mili.
1091 3861 1145 3896 -2
1164 3859 1183 3912 vl
1197 3857 1277 3911 omitt.
1286 3861 1350 3900 -¹⁰
1369 3859 1479 3912 domitt.
1489 3877 1560 3912 amec.
1569 3889 1606 3900 -
1618 3861 1635 3892 ¹¹
1656 3859 1766 3914 lumitt.

192 3978 229 3986 —-
243 3947 253 3980 ¹
273 3946 292 4000 Β
307 3947 386 4000 omitt.
398 3951 454 3988 -⁵
474 3949 492 4002 B
508 3967 554 4002 voa
574 3959 616 4002 tue
630 3949 688 4002 toda
700 3948 819 4003 Ecclesia.
837 3980 875 3990 -
892 3952 901 3980 ⁶
921 3950 940 4003 B
1016 3950 1128 4024 audique.
1144 3982 1180 3990 --
1195 3953 1213 3983 ¹¹
1233 3950 1391 4005 Bornitt.-
1401 3955 1422 3986 ¹¹
1441 3952 1553 4007 domitt.
1568 3971 1638 4006 neoc.

233 4278 292 4342 Vll.
315 4279 377 4342 Heu
394 4280 490 4352 mitit
506 4293 585 4364 pater
602 4281 642 4343 mi
657 4281 821 4364 spiritualis,
836 4281 968 4365 magister
984 4282 1134 4354 etdoctor,
1153 4304 1210 4346 non
1228 4284 1344 4366 quidem
1363 4307 1427 4347 reus
1442 4286 1489 4347 tali
1504 4296 1592 4348 morte
1608 4288 1733 4349 exstitisti
1744 4289 1763 4350 ¹.

191 4381 269 4445 Nunc
279 4403 347 4467 ergo
359 4405 416 4468 quo
432 4383 478 4445 ibo
492 4393 519 4445 te
535 4405 673 4466 quarere,
688 4383 775 4467 gloria
795 4384 1009 4447 christianorum
1028 4395 1055 4447 ct
1076 4385 1136 4447 laus
1151 4385 1298 4448 fidelium?
1312 4387 1380 4458 Quis
1395 4389 1574 4450 conticescere
1590 4389 1653 4451 lecit
1669 4411 1763 4452 vocem

191 4493 283 4558 mam,
298 4485 390 4548 fistula
404 4485 580 4548 eeclesiarum
594 4495 622 4549 ct
636 4485 727 4548 fistula
748 4486 877 4559 altisona,
900 4487 1057 4571 plectrum³
1078 4489 1200 4571 psalterii
1217 4489 1402 4552 decachordi?
1421 4490 1571 4553 lustrantur
1583 4513 1674 4563 meus,
1696 4491 1763 4554 ubi¹

190 4607 315 4669 queram
330 4597 357 4650 te
371 4596 399 4649 et
410 4587 568 4650 inveniam?
582 4587 605 4649 0
617 4587 674 4652 dux
688 4609 764 4658 vere,
778 4588 848 4672 quid
862 4589 953 4652 dicam
968 4589 1109 4674 discipulis
1122 4591 1197 4652 tuis?
1210 4591 1342 4654 Dicamne
1357 4602 1384 4654 te
1398 4603 1510 4676 raptum
1523 4615 1559 4655 an
1573 4594 1766 4656 vinculatum?

192 4689 246 4752 dut
262 4689 327 4773 quis
343 4711 440 4752 eorum
459 4689 534 4755 utilis
551 4690 600 4753 tibi
620 4700 647 4753 et
665 4692 774 4753 mittam
796 4713 861 4754 eum
878 4692 914 4754 ad
931 4695 978 4754 tc?
996 4693 1065 4766 Sed,
1087 4693 1122 4755 de
1144 4704 1254 4764 eutero,
1280 4696 1391 4756 nemine
1414 4705 1540 4760 nostrum
1566 4695 1688 4780 indiges,
1715 4701 1766 4758 aut

192 4791 318 4854 aliomm.
333 4794 401 4855 Nam
417 4793 534 4856 introisti
544 4794 581 4855 ad
592 4793 682 4857 Deum
693 4805 774 4856 urvvm
786 4803 815 4856 ct
826 4794 991 4864 Dominum,
1004 4817 1087 4881 quem
1099 4795 1262 4860 desiderasti
1276 4808 1304 4859 et
1316 4807 1372 4860 tato
1387 4799 1485 4860 ellectu
1498 4799 1669 4882 concupiisti.
1684 4799 1708 4858 0
1723 4821 1764 4860 vu

192 4893 276 4956 mihil
297 4896 431 4977 quoaim
448 4917 547 4958 manvu
561 4895 621 4960 illas
640 4899 798 4961 innocentes
816 4899 919 4960 catcms
938 4897 1096 4982 duplicibus
1109 4899 1139 4960 in
1150 4897 1301 4964 Jerusalem
1317 4897 1415 4983 ligatas
1428 4901 1514 4962 Roma
1531 4900 1662 4962 dissolvit.
1676 4899 1764 4964 David

192 4995 327 5080 propheta
342 4997 491 5082 plangebat
504 4999 594 5062 tilium
613 4999 741 5062 Absalom
759 5010 787 5062 ct
801 5000 929 5062 dicebat:
948 5001 1015 5064 st
1029 5002 1114 5064 mihil
1130 5025 1182 5085 pro
1200 5010 1240 5070 te.
1257 5003 1296 5064 fili
1310 5004 1366 5064 mil
1380 5003 1428 5064 vae
1439 5003 1564 5064 mihi⁵ln
1577 5003 1636 5088 Ego
1649 5013 1762 5066 auum:

193 5097 261 5160 ollae
274 5098 360 5162 mihil
373 5103 505 5186 magister
516 5103 569 5175 mi3
583 5124 646 5166 vete
660 5125 701 5166 vas
715 5103 785 5165 milvi
794 5105 821 5164 lv
837 5103 961 5166 tmod0⁶
972 5105 1088 5167 cessavit
1101 5126 1251 5168 concursus
1263 5105 1464 5188 discipulorum
1477 5115 1636 5169 nostrorum
1646 5106 1763 5168 Romam

230 5298 237 5328 ¹
258 5297 276 5348 ll
291 5295 372 5350 orrritt.
384 5297 449 5350 otili.
464 5303 522 5340 -'
541 5299 591 5354 Bet
601 5319 657 5354 rcus
668 5301 712 5353 tali
723 5311 796 5354 morte
809 5302 935 5354 extinctos.
950 5333 985 5342 -
999 5303 1009 5334 ³
1029 5301 1047 5356 B
1060 5301 1161 5356 atta-a.
1172 5333 1208 5342 -
1221 5303 1230 5335 ¹
1251 5305 1267 5357 ,l
1284 5302 1365 5356 oriritt.
1375 5301 1424 5356 eti.
1438 5335 1473 5343 -—
1487 5307 1496 5336 ¹
1517 5303 1538 5358 ll
1549 5301 1608 5376 lteg.
1621 5322 1670 5366 nr,
1689 5305 1713 5357 tr.
1726 5334 1762 5345 -·

191 5392 200 5420 ¹
220 5387 483 5452 lt'156r',u›l.a.
