3990 6092
289 571 354 636 3⁴th
642 569 813 666 Pnrntttt
840 569 1239 636 ANTliNlCAENORUM
1270 570 1507 638 insutum.

1004 858 1144 902 EJUSDEN.

341 1006 380 1078 ll.
410 1007 506 1103 Virgo
530 1007 673 1107 peperit,
692 1007 763 1077 Vita
789 1007 837 1077 lac
862 1007 961 1089 suxit,
983 1007 1047 1078 Lux
1072 1005 1229 1105 baptizate
1250 1019 1312 1088 est,
1331 1006 1487 1079 Dominus
1514 1018 1652 1077 tentatus
1676 1020 1738 1090 est,
1756 1005 1858 1078 ludex

284 1127 450 1226 judicatus
468 1142 531 1212 est,
547 1126 754 1227 impassibilis
768 1155 880 1226 passus
898 1142 945 1198 est
963 1128 995 1197 in
1014 1155 1125 1211 carne,
1143 1126 1336 1199 Immortalis
1354 1140 1500 1199 mortuus
1518 1111 1737 1210 est,'Coelestis
1749 1129 1858 1227 sepul·

288 1262 339 1320 tus
363 1264 410 1321 est
435 1265 466 1321 ct
493 1249 665 1321 resurrexit
688 1248 872 1319 amortuis.
893 1247 1005 1318 Nonne
1030 1249 1097 1319 haec
1122 1261 1197 1318 sunt
1221 1249 1388 1319 noval-
1406 1248 1519 1320 Nonne
1544 1275 1660 1320 novum
1687 1261 1734 1319 cst
1751 1248 1856 1320 Deum

287 1372 466 1454 incarnari,
487 1371 643 1467 virginem
669 1369 852 1469 concipere,
874 1369 1071 1468 impassibile
1093 1371 1160 1468 pati
1187 1369 1385 1440 remanendo
1413 1369 1626 1470 impassibile,
1645 1385 1676 1441 ct
1694 1367 1779 1471 (56)
1802 1397 1856 1441 re·
1952 1387 1953 1452 t

287 1517 419 1588 surgere
444 1519 461 1562 a
484 1492 634 1574 mortuis,
653 1491 711 1590 qui
733 1490 879 1591 sepultus
902 1491 968 1561 est?
984 1490 1080 1574 Quod
1103 1492 1189 1562 enim
1215 1519 1383 1590 nunquam
1409 1491 1470 1562 luit
1493 1492 1730 1591 intereaque
1752 1490 1856 1563 solent

288 1610 456 1695 advenire,
481 1639 598 1688 novum
616 1625 673 1683 cst.
693 1612 856 1710 Numquid
873 1612 977 1683 dicere
992 1626 1099 1711 potes,
1120 1639 1137 1682 o
1156 1595 1270 1706 horno,
1286 1613 1352 1682 haec
1371 1612 1478 1684 locum
1496 1611 1665 1696 habuisse,
1680 1627 1854 1712 antequam

286 1732 409 1802 veniret
430 1733 595 1806 Christus?
614 1733 682 1804 Hoc
708 1761 773 1803 non
799 1747 889 1833 potes
907 1733 1024 1805 dicere.
1045 1731 1142 1815 Quod
1161 1733 1187 1802 si
1210 1734 1277 1805 haec
1294 1734 1437 1832 primum
1455 1734 1488 1804 in
1507 1733 1632 1805 Christo
1656 1732 1737 1804 sacta
1763 1749 1853 1814 sunt,
1952 1811 1953 1838 ,

286 1852 384 1947 igitur
402 1881 520 1925 novum
537 1867 585 1925 est
602 1854 799 1952 mysterium.
824 1855 947 1925 Novum
966 1868 1072 1925 autem
1092 1869 1139 1924 est
1156 1851 1378 1954 (mysterium)
1396 1867 1529 1953 propter
1547 1867 1776 1926 testamentum
1798 1882 1855 1924 no-

285 2000 377 2058 vom,
396 1990 527 2075 propter
548 1975 722 2047 Ecclesiam
748 2001 878 2058 novam,
895 1989 1027 2073 propter
1046 1974 1181 2046 salutem
1205 2003 1336 2059 novam,
1355 1989 1488 2075 propter
1509 2002 1644 2072 regnum
1669 2003 1806 2060 novum,
1825 1991 1854 2046 et
1952 2001 1953 2070 ,

286 2109 465 2194 propterte
488 2098 545 2197 qui
564 2125 645 2168 nova
663 2097 766 2168 salute
789 2096 928 2167 salvaris.
950 2096 1035 2168 Nova
1053 2097 1140 2167 enim
1163 2111 1211 2168 θεῖ
1233 2096 1320 2168 salus
1342 2097 1405 2181 tui,
1427 2097 1500 2196 qui,
1519 2095 1647 2168 insolito
1671 2123 1775 2179 more,
1798 2124 1854 2196 per
1952 2117 1953 2194 ζ

285 2241 411 2288 crucem
430 2232 461 2288 ot
475 2218 579 2288 clavos
595 2218 653 2288 Dei
670 2217 811 2288 salvaris.

1062 2453 1083 2505 B

738 2597 953 2658 COMPUTUS
979 2597 1063 2658 Dllll
1089 2598 1155 2657 xlv
1181 2595 1400 2659 PASCHATIS

676 2741 722 2794 ΑΙ)
740 2739 885 2794 ΜΕΝΤΕΜ
902 2741 1028 2795 8ΑΝΟΤΙ
1045 2740 1255 2804 urrruntt‘r,
1272 2741 1435 2796 nrtscorr
1446 2743 1460 2794 ¹.

335 2929 358 3000 l.
388 2926 527 3011 Quando
555 2953 745 3022 cognoscere
768 2927 915 2998 volumus
939 2940 1037 3025 quota
1061 2926 1113 3000 die
1131 2928 1243 3010 Adest,
1264 2941 1320 2998 aut
1339 2928 1449 3010 Nissss,
1475 2928 1567 3000 cadat
1592 2929 1660 3002 dies
1681 2958 1743 3015 xrs,
1759 2932 1848 3029 justa

280 3063 422 3120 mentem
444 3047 625 3148 Hippolyti,
646 3047 834 3120 ordinamus
858 3075 960 3120 annos
985 3049 1026 3119 ab
1044 3048 1223 3120 Alexandro
1247 3046 1419 3151 (Cesum)
1442 3076 1500 3150 per
1522 3064 1591 3121 octo
1617 3065 1648 3122 et
1669 3055 1771 3122 octol.
1792 3051 1847 3122 Si⁵

280 3171 418 3272 supersit
448 3196 565 3252 unum,
585 3170 720 3241 medies
745 3170 830 3241 cadit
858 3171 890 3240 in
919 3169 1005 3242 diem
1034 3173 1076 3244 13
1099 3172 1213 3255 Nisen,
1237 3171 1389 3271 illiusque
1412 3170 1517 3260 littera
1544 3184 1592 3242 θεῖ
1616 3199 1668 3241 sou
1678 3177 1702 3241 ⁶.
1726 3171 1762 3242 si
1785 3171 1846 3242 duo

278 3292 456 3392 supersint,
476 3291 544 3362 dics
568 3318 617 3362 mv
639 3304 687 3361 est
712 3318 729 3362 o
753 3291 872 3362 mensis
897 3291 1009 3374 Nisan,
1033 3291 1186 3392 illiusque
1213 3293 1324 3364 litters
1349 3305 1396 3364 cst
1419 3290 1504 3362 brith.
1526 3291 1561 3362 Si
1586 3292 1749 3391 supersint
1770 3305 1847 3371 tres,

279 3413 348 3484 dies
366 3440 418 3484 mv
435 3411 522 3483 cadit
543 3412 577 3482 in
601 3411 687 3482 diem
709 3440 751 3482 su
775 3413 895 3484 mensis
913 3413 1010 3496 ddnr,
1030 3412 1183 3513 illiusque
1204 3413 1309 3485 littera
1328 3427 1375 3484 est
1393 3412 1502 3484 dolati.
1521 3412 1557 3483 Si
1579 3426 1720 3513 quatuor
1741 3439 1849 3512 super-

278 3535 359 3618 sint,
384 3534 452 3605 dies
472 3560 521 3605 mr
542 3531 627 3604 cadit
652 3533 687 3602 iu
709 3531 795 3602 diem
816 3559 835 3631 9
861 3534 980 3604 mensis
1002 3533 1115 3617 Nisan‚
1140 3533 1292 3632 illiusque
1317 3535 1422 3606 littera
1454 3533 1667 3606 assisiensi
1691 3534 1851 3634 supersint

278 3655 441 3754 quinque,
461 3653 530 3724 dies
551 3681 600 3724 mv
620 3651 706 3724 cudit
724 3653 757 3724 in
781 3653 866 3724 diem
890 3681 934 3753 29
955 3655 1075 3726 mensis
1093 3655 1189 3738 Adur,
1208 3655 1361 3755 illiusque
1383 3655 1489 3728 littera
1509 3669 1556 3728 est
1573 3655 1618 3726 irc.
1638 3655 1673 3728 Si
1690 3655 1851 3755 supersint

279 3801 347 3858 sex,
370 3774 437 3845 dies
458 3801 507 3872 xm
528 3773 613 3846 cadit
636 3772 670 3843 in
695 3773 781 3844 diem
806 3774 847 3846 18
869 3773 989 3846 mensis
1012 3775 1108 3860 dder,
1132 3775 1284 3875 illiusque
1310 3774 1417 3848 littera
1440 3791 1487 3848 est
1505 3776 1613 3849 dolatis.
1633 3775 1669 3848 Si
1691 3775 1850 3876 supersint

316 4048 323 4078 ¹
344 4045 428 4100 Sancti
440 4044 568 4119 Hippolyti
582 4045 682 4100 canonis
696 4045 817 4118 paschalis
827 4045 889 4100 benc
902 4046 1027 4118 ἐπίκρισιν

276 4155 324 4192 sno
336 4137 459 4192 Chronico
472 4138 578 4192 inscruit
590 4138 656 4192 Elias
666 4137 808 4200 Nisibenus,
822 4138 925 4210 scriptor
942 4138 1029 4192 Nesto-

277 4231 375 4296 risnus,
387 4231 431 4304 qui
443 4231 501 4286 vixit
511 4235 544 4284 ¹2⁰
554 4239 609 4304 post
618 4231 744 4284 Christum
755 4237 841 4284 natum
851 4229 952 4292 saeculo,
963 4249 1029 4284 eam-

276 4343 326 4398 que
353 4323 424 4378 nobis
449 4325 554 4379 servant
579 4323 657 4378 Codes:
680 4322 768 4378 Mosei
791 4323 924 4376 Britannici
945 4341 1026 4396 7197,

278 4417 320 4472 iol.
335 4437 366 4488 9¹
386 4421 417 4482 θ’,
436 4436 465 4472 ex
485 4435 534 4490 quo
554 4417 598 4479 vir,
616 4415 648 4470 de
669 4416 757 4470 littaris
781 4415 942 4471 orientalibus
961 4416 1026 4471 bene

278 4510 393 4575 meritus,
415 4511 441 4564 P.
461 4509 494 4564 de
515 4509 637 4584 hogarde,
657 4527 713 4564 eam
737 4509 839 4582 protulit
860 4510 885 4564 in
906 4509 1025 4564 dialectis

277 4604 328 4656 scis
347 4604 462 4675 syriacis,
479 4623 504 4677 p.
519 4604 611 4675 89-90.
624 4605 679 4644 —²
699 4603 795 4658 Menses
811 4601 879 4656 drinr
893 4610 918 4658 et
935 4603 1024 4664 Nicon,

277 4695 344 4770 spud
363 4697 450 4770 Syros,
473 4695 615 4750 latinorum
641 4695 768 4752 mensibus
791 4695 876 4750 Martii
893 4705 919 4751 et
935 4695 1024 4768 Aprilis

276 4789 536 4864 correspondent-³
549 4789 597 4844 Hic
605 4807 674 4862 syrus
682 4790 786 4862 scriptor
795 4807 845 4843 nou
855 4788 916 4844 dicit
925 4789 1025 4844 diesun-

275 4881 349 4937 drum
365 4901 418 4938 esso
427 4883 593 4938 Romanorum
604 4884 792 4957 imperatorem,
806 4883 853 4938 hoc
870 4884 971 4938 nomine
985 4883 1023 4936 in-

275 4976 407 5049 signitum,
419 4977 462 5050 qni
472 4976 561 5030 seculo
571 4985 626 5048 post
638 4977 763 5031 Christum
780 4981 819 5030 ns⁰
833 4977 924 5030 floruit.
936 4977 966 5029 Αῖ
978 4974 1024 5028 hoc

275 5087 304 5122 ex
321 5067 431 5142 subjecto
447 5077 596 5142 argumento
613 5075 638 5123 et
655 5089 685 5124 ex
701 5069 802 5124 historie
820 5069 887 5140 Cycts'
902 5066 1023 5140 paschalis

274 5161 300 5214 S.
312 5161 438 5235 hippolyti
449 5161 579 5236 suffigitur.
596 5163 642 5218 Hic
656 5181 705 5216 uon
720 5169 865 5235 potestesse
879 5159 982 5232 questio
992 5159 1023 5212 de

274 5252 412 5307 blesuudro
426 5254 516 5327 Magno
529 5273 609 5328 neque
624 5255 655 5308 dc
669 5255 759 5328 epoche
774 5252 1021 5325 Syro-Macedonum.

273 5346 332 5383 —⁴
352 5347 385 5399 Er
398 5346 444 5400 hoc
460 5347 513 5400 loco
526 5347 649 5400 videretur
664 5347 837 5420 llippolytenm
853 5363 971 5398 cononem
989 5346 1020 5397 ah

1103 4044 1156 4098 Elia
1169 4043 1282 4098 habitum
1298 4043 1374 4098 luisse
1388 4045 1422 4098 ita
1439 4052 1467 4098 ut
1479 4043 1670 4099 fundumentum
1683 4063 1733 4099 non
1750 4043 1850 4118 quidem

1103 4136 1283 4200 hessewmdem,
1295 4155 1381 4190 verum
1404 4137 1565 4191 cnacoeridssn
1582 4136 1691 4191 heberet.
1708 4138 1744 4192 Its
1762 4140 1851 4192 merito

1102 4230 1207 4304 scriptor
1216 4232 1337 4302 conjicere
1346 4230 1440 4302 potuit,
1448 4239 1580 4304 antequam
1592 4232 1644 4304 ipse
1654 4248 1733 4284 senon
1741 4230 1852 4304 vulgatus

1103 4331 1178 4386 essct,
1193 4341 1249 4378 curn
1264 4322 1338 4376 hodie
1350 4324 1426 4376 etiam
1438 4323 1562 4396 postulent
1571 4331 1684 4378 auctores
1695 4341 1740 4377 cur
1754 4323 1781 4378 S.
1793 4323 1852 4396 Hip

1101 4417 1197 4490 polytus
1213 4417 1319 4491 simplici
1336 4417 1476 4470 screatu-ide
1490 4435 1539 4472 non
1555 4423 1684 4472 mutemus
1704 4415 1786 4470 luerit.
1802 4416 1852 4470 Har

1101 4509 1132 4563 de
1148 4509 1271 4564 resideas
1290 4511 1317 4563 iu
1334 4509 1425 4563 Pstrol.
1446 4509 1546 4574 Groeco,
1564 4511 1599 4575 X,
1614 4510 1659 4564 col.
1675 4510 1742 4573 885,
1760 4507 1851 4582 AEgidii

1101 4601 1216 4656 bucherii
1232 4601 1460 4657 Animadversiosrss.
1473 4607 1531 4644 -‘
1550 4605 1579 4658 ln
1594 4609 1659 4658 textu
1677 4603 1769 4674 syriaco
1786 4603 1851 4676 leges

1100 4715 1129 4748 ess
1136 4697 1158 4748 si
1164 4695 1231 4756 ,loco
1239 4695 1436 4758 so,selim.-—⁰
1455 4695 1851 4771 Scriptersyrussyrisceslitterss

1100 4787 1152 4842 loco
1174 4806 1399 4863 priscarumque
1419 4791 1446 4844 in
1468 4789 1591 4844 laterculis
1611 4789 1758 4845 marmoreis
1781 4791 1849 4844 inse·

1100 4881 1211 4944 niuntur,
1224 4889 1331 4954 usurpat
1342 4883 1460 4937 Conferre
1471 4883 1533 4938 hanc
1543 4891 1625 4938 notum
1637 4901 1692 4936 cum
1704 4883 1849 4956 Hippolytes

1099 4973 1352 5036 canonevolentibus
1374 4982 1460 5030 notum
1483 4976 1515 5028 sit
1536 4975 1591 5048 clas
1605 4973 1798 5048 correspondens
1815 4977 1847 5034 dr

1098 5065 1174 5130 luth,
1192 5067 1225 5133 By
1242 5066 1336 5131 deleth,
1355 5069 1391 5131 D;
1408 5067 1450 5132 ts,
1465 5069 1498 5132 Ες
1510 5087 1569 5130 ccc,
1583 5067 1609 5122 F.
1626 5067 1727 5122 Caeterm
1746 5067 1846 5127 litterar.

1098 5179 1167 5232 quae,
1184 5167 1211 5214 ut
1224 5161 1300 5216 series
1315 5169 1378 5216 esset
1391 5161 1526 5234 complete,
1536 5159 1672 5216 slierendae
1689 5169 1783 5224 θεεθυῖ,
1797 5177 1845 5214 uon

1097 5254 1259 5308 nominentur
1267 5254 1294 5307 in
1305 5253 1350 5307 hac
1360 5253 1505 5307 octosterids.
1517 5255 1578 5308 Dure
1588 5261 1656 5316 sunt,
1668 5271 1757 5326 nempe
1764 5251 1846 5326 gomol

1098 5348 1136 5399 cni
1149 5347 1321 5419 correspondet
1334 5347 1365 5410 C,
1384 5355 1409 5401 et
1426 5349 1479 5401 sois
1499 5348 1569 5418 cny‘ns
1586 5346 1747 5419 aequipollens
1765 5353 1800 5398 cst
1815 5345 1844 5396 G.
