3990 6092
518 551 520 556 ’
587 580 789 648 sonoros
820 579 1066 647 oroarsrus
1097 580 1386 647 aaaoaaorra.
1706 583 1772 651 aaa

200 729 264 802 eis¹
285 727 490 812 ostendisset,
508 726 590 799 illud
604 744 806 827 agnoverunt
821 730 975 832 quoniam
994 730 1153 828 sanguine
1166 757 1348 830 respersum
1366 744 1445 802 erat.
1463 730 1572 813 Quare
1588 758 1700 804 omnes
1718 731 1774 832 qui

200 849 235 923 id
254 849 419 932 viderunt,
439 849 610 935 mirantes,
626 850 762 949 gloriam
780 853 848 924 Deo
864 850 1098 952 rependemnt3
1115 852 1182 923 imo
1199 852 1293 924 multi
1310 852 1497 925 credentcs²
1514 853 1680 930 christiani
1700 853 1775 926 lacti

201 983 292 1053 sunt,
311 969 409 1070 hujus
428 969 574 1042 miraculi
593 995 700 1042 causa.

253 1091 304 1163 lli.
334 1092 440 1175 Nunc,
468 1092 566 1164 irater
586 1091 631 1163 mi
653 1091 837 1176 Timothee,
861 1092 949 1193 apud
967 1120 1026 1164 rios
1042 1093 1252 1196 spiritualiter
1273 1109 1406 1167 manent
1425 1095 1540 1168 Petrus
1556 1110 1587 1169 et
1606 1095 1773 1170 Paulus³z

201 1242 268 1287 non
290 1213 377 1286 enim
396 1213 534 1314 separati
551 1240 664 1286 sumus
681 1213 722 1286 ab
741 1213 802 1297 eis,
819 1215 879 1286 etsi
897 1215 1036 1315 separati
1052 1215 1174 1288 luerint
1192 1243 1210 1287 a
1226 1215 1337 1300 nobis,
1356 1217 1510 1317 quoniam
1528 1220 1595 1291 haec
1615 1219 1776 1319 separatio

201 1363 292 1437 spem
310 1361 376 1406 non
403 1332 578 1418 abscindit,
604 1335 681 1434 quia
698 1335 757 1407 etsi
773 1335 939 1407 bominem
959 1335 1011 1407 bic
1029 1363 1046 1407 a
1065 1337 1218 1437 proximis
1237 1336 1303 1410 suis
1326 1337 1461 1421 dividat,
1486 1364 1562 1410 eum
1581 1352 1688 1412 tamen
1709 1340 1776 1412 illic

198 1456 309 1554 jungit
328 1455 499 1556 proximist
517 1455 665 1558 [illorum
680 1486 699 1529 a
714 1457 834 1558 quibus
853 1471 1020 1559 separatus
1039 1456 1114 1559 est].
1135 1459 1239 1543 Quem
1257 1472 1365 1531 autem
1386 1460 1471 1532 Deus
1489 1460 1646 1559 separavit
1661 1489 1679 1532 a
1695 1462 1776 1534 serie

202 1579 421 1680 proiimorum
444 1603 592 1661 suorum,
617 1578 685 1661 hic,
707 1578 830 1678 absque
846 1578 910 1651 ulla
932 1606 1004 1680 spe,
1020 1579 1055 1651 in
1074 1593 1229 1652 aternum
1246 1595 1411 1680 separatus
1430 1595 1584 1654 remanet.
1602 1581 1777 1682 Nunquam

202 1699 289 1773 enim
306 1699 346 1771 ad
364 1699 525 1800 proximos
543 1721 618 1772 snos
635 1699 775 1773 accedet.
799 1701 834 1773 ln
852 1700 976 1772 mundo
994 1727 1135 1800 superno
1154 1703 1269 1774 anima
1289 1703 1440 1774 bumanae
1459 1729 1527 1776 sese
1543 1703 1678 1775 invicem
1702 1731 1778 1776 con·

203 1821 364 1922 spiciuut⁵
376 1821 588 1923 omniumque
598 1820 821 1906 recordantur,
832 1822 907 1894 licet
923 1822 982 1895 lari
993 1849 1059 1895 nou
1070 1823 1208 1896 valeant.
1225 1823 1312 1895 Petri
1324 1837 1355 1896 et
1368 1824 1463 1896 Pauli
1478 1825 1609 1906 animae,
1628 1824 1661 1898 in
1675 1825 1777 1898 beatis

203 1943 287 2016 ἰΙΙὶεθ
299 1942 523 2016 mansionibus
536 1942 705 2041 degentes,
724 1941 866 2045 [nunc7]
885 1944 945 2016 vita
963 1943 1137 2017 immortali
1151 1945 1306 2042 gaudent.
1323 1944 1372 2019 Ad
1389 1945 1447 2017 bas
1461 1974 1557 2045 porro
1568 1946 1693 2019 animas
1712 1973 1777 2019 uon

203 2065 312 2138 anima
331 2064 485 2167 quaslibet
499 2071 627 2166 potest⁸
641 2065 804 2138 accedere.

255 2187 292 2259 X.
321 2186 442 2259 Paulus
463 2186 568 2259 Deum
596 2187 715 2288 sprevit
734 2187 767 2259 in
789 2188 873 2286 Lege
896 2201 993 2288 atque
1016 2215 1090 2260 eum
1116 2201 1203 2260 extra
1222 2188 1341 2287 Legem
1361 2190 1485 2262 bonore
1504 2203 1693 2289 prosecutus
1718 2202 1775 2261 est.

204 2307 391 2382 Secundum
402 2308 678 2382 circumcisionem
682 2309 848 2406 judaicam
858 2309 964 2381 visens
972 2308 1113 2381 Paulus⁹
1122 2309 1286 2382 Christum
1300 2309 1529 2395 insectabatur,
1539 2297 1625 2384 nunc
1636 2325 1745 2384 autem
1752 2313 1778 2356 ¹⁰

204 2430 322 2502 Christi
339 2443 462 2531 partem
481 2443 591 2502 tuetur
606 2429 758 2502 adversus
771 2430 923 2504 lltbnicos
936 2447 966 2502 et
981 2430 1121 2503 Judaeos.
1135 2430 1315 2531 [Charitate
1328 2431 1470 2529 llagrans
1480 2459 1557 2528 erga
1569 2433 1705 2530 gentiles
1717 2430 1776 2533 ¹¹l,

203 2550 366 2653 lapidibus
384 2552 505 2652 petitur
521 2551 712 2654 vinculaque
726 2553 862 2624 sustinet
875 2579 935 2652 pro
954 2551 1107 2624 lltbnicis.

242 2731 249 2762 ²
270 2729 379 2784 domitt.
389 2729 431 2782 eis.
440 2731 493 2768 -²
514 2727 567 2781 Bia
576 2727 660 2782 Deum.
669 2733 723 2769 -l
742 2729 804 2793 Quae
815 2737 955 2802 sequuntur
1030 2730 1141 2800 spuma.
1150 2732 1204 2770 -⁸
1224 2729 1334 2783 Romitt.
1348 2729 1404 2783 iltis.
1413 2731 1466 2770 —l
1488 2730 1593 2784 domitt.
1602 2749 1673 2784 uuae.
1685 2733 1740 2771 -⁸
1760 2733 1778 2784 d

205 2823 283 2876 multo
300 2822 401 2876 clariora
419 2822 445 2876 in
460 2822 571 2876 versione
585 2841 685 2876 armena
701 2841 776 2896 quam
797 2823 822 2876 iu
843 2824 954 2877 versione
1029 2823 1104 2894 digna
1114 2834 1155 2876 eat.
1165 2825 1222 2862 --'
1241 2823 1259 2876 ll
1272 2823 1355 2877 omitt.
1366 2821 1464 2878 Paulus.
1478 2855 1516 2866 -
1528 2826 1547 2857 ¹⁰
1568 2827 1586 2880 Α
1601 2824 1680 2878 omitt..
1691 2822 1781 2878 cteta

205 2918 295 2988 syriaca
308 2922 427 2989 prostant.
437 2917 494 2956 -l
515 2915 689 2969 uomica-⁵
711 2917 727 2968 Α
742 2916 822 2968 omitt.
838 2936 887 2969 sese
899 2935 953 2986 cop·
1027 2928 1130 2986 partun.
1147 2948 1181 2955 -
1199 2919 1213 2949 ¹¹
1237 2917 1349 2970 Bomitt.

225 3121 271 3129 ——-
510 3121 586 3128 «nn-u·-

208 3251 265 3312 sibi
280 3271 343 3312 cum
359 3249 432 3312 socio
449 3249 478 3309 in
492 3247 562 3311 valle
577 3246 665 3332 pugili
683 3257 711 3308 ct
732 3246 792 3308 velo
808 3256 855 3308 tuo
870 3247 954 3329 ligata
971 3254 1014 3307 est
1027 3245 1109 3307 facies
1123 3245 1213 3330 ejus„
1231 3245 1292 3329 lpsa
1305 3256 1397 3308 autem
1415 3248 1603 3332 respondens¹
1618 3251 1677 3311 ait:
1694 3251 1781 3312 «Ecce

208 3375 301 3414 snunc
315 3353 488 3413 intraverunt
503 3350 599 3411 Petrus
610 3359 639 3412 ct
656 3348 760 3411 Paulos
773 3348 863 3411 induti
878 3358 952 3410 veste
964 3347 1095 3432 preclara
1109 3355 1138 3409 et
1151 3368 1266 3409 coronas
1278 3347 1415 3432 fulgentes
1429 3359 1457 3412 et
1470 3350 1531 3412 luce
1545 3351 1683 3413 radiantes
1697 3352 1785 3414 baba·

209 3455 295 3516 «bant
307 3456 335 3515 in
348 3453 485 3537 capitibus
497 3455 584 3516 suisa
601 3453 635 3515 Et
651 3451 765 3537 pmtulit
776 3451 868 3514 selum
881 3451 1017 3536 sanguina
1029 3459 1202 3513 cruentatum
1217 3461 1245 3512 et
1258 3451 1420 3513 monstravit
1434 3451 1482 3514 cis.
1494 3451 1610 3536 Propter
1621 3453 1697 3538 qood
1712 3476 1783 3537 opus

207 3557 288 3619 multi
301 3555 478 3618 crediderunt
492 3555 620 3618 Christo*
643 3565 671 3617 ct
684 3553 747 3616 facti
762 3563 827 3616 sunt
841 3553 982 3616 christiani
990 3553 1009 3616 ³.
1619 3571 1623 3579 ·

251 3659 295 3721 lli.
319 3659 352 3721 Et
365 3679 454 3731 nunc,
470 3658 554 3721 frater
562 3658 601 3721 mi
614 3656 769 3730 Timotheo,
784 3656 980 3742 quosddesisti
992 3666 1020 3719 et
1031 3655 1179 3719 totocorde
1192 3655 1382 3729 desiderabas,
1399 3657 1463 3720 sant
1476 3657 1538 3721 dico
1552 3680 1647 3742 regem
1661 3671 1688 3722 et
1698 3658 1784 3722 Jona-

209 3761 284 3823 tbsm
300 3761 389 3823 filium
404 3761 476 3844 ejus,
493 3760 562 3823 sicut
574 3761 603 3823 in
615 3761 670 3821 vita
685 3759 965 3842 nousuutseparati,
979 3758 1080 3821 itunae
1095 3759 1124 3820 in
1137 3767 1240 3830 morte,
1256 3769 1284 3821 et
1295 3781 1348 3845 ego
1363 3760 1446 3822 etiam
1458 3782 1515 3822 non
1527 3782 1589 3823 sum
1607 3772 1750 3845 separatus
1768 3785 1783 3823 a

210 3865 341 3948 magistro
356 3875 384 3926 et
399 3864 512 3926 domino
531 3885 605 3934 mco,
623 3884 674 3926 uec
691 3863 764 3925 euim
783 3883 834 3924 nos
851 3870 1048 3947 separaverunt
1066 3861 1193 3924 homiues
1209 3862 1298 3945 iniqui
1320 3871 1347 3924 et
1363 3863 1485 3946 pessimi.
1505 3863 1538 3925 Et
1552 3865 1689 3948 separatio
1700 3864 1785 3949 bajus

210 3965 284 4030 borae
297 3989 352 4030 non
370 3977 412 4029 est
423 3988 553 4051 semper:
572 3967 665 4028 anima
678 3965 738 4050 ejus
754 3967 896 4050 cognoscit
905 3963 1018 4026 dilectos
1033 3964 1116 4026 etiam
1128 3964 1205 4048 quod
1219 3965 1245 4027 ei
1260 3964 1422 4048 loquuntur,
1435 3966 1484 4050 qui
1497 3975 1564 4028 tunc
1575 3966 1610 4028 ab
1622 3989 1654 4029 eo
1667 3967 1786 4051 elongati

208 4080 281 4132 scant.
296 4071 326 4132 lu
341 4069 488 4133 dicantem
502 4069 709 4133 resrrrrectionis
722 4069 831 4152 jactura
851 4089 951 4152 magua
964 4067 1016 4129 erit
1032 4068 1155 4154 separari
1170 4066 1206 4130 ab
1220 4068 1269 4130 eis.
1283 4068 1337 4130 Sed
1354 4090 1394 4130 vae
1414 4067 1457 4130 bis
1476 4069 1554 4142 liliis,
1570 4069 1653 4134 lrater
1668 4070 1719 4141 mi,
1736 4070 1786 4154 qui

209 4175 309 4259 privati
326 4183 391 4235 suut
409 4183 487 4256 patro
504 4173 654 4256 spirituali,
674 4171 778 4255 quibus
797 4171 921 4254 privatus
935 4180 1072 4256 estgre13
1093 4180 1121 4233 et
1135 4170 1214 4233 nobis
1226 4172 1324 4242 etium,
1339 4170 1424 4234 frater
1433 4172 1487 4242 mi,
1506 4173 1556 4256 qui
1573 4174 1673 4257 privati
1690 4194 1786 4234 stamus

210 4277 350 4362 magistris
363 4278 463 4338 uostris
477 4275 681 4360 spiritualibus,
694 4275 744 4359 qui
757 4275 925 4358 collegerunt
936 4272 1102 4336 intellectum
1115 4286 1142 4336 et
1156 4275 1299 4336 scientiam
1315 4273 1419 4337 Veteris
1432 4297 1464 4338 ac
1478 4275 1560 4338 Norae
1574 4275 1656 4360 Legis
1671 4287 1697 4338 et
1711 4276 1787 4338 colli-

209 4389 346 4465 gaverunt
360 4381 389 4441 in
403 4379 525 4464 epistolis
540 4379 607 4440 suis.
625 4379 661 4440 Ex
677 4377 781 4461 quibos
800 4375 910 4439 dicebat
931 4398 1021 4438 unus:
1040 4377 1087 4438 «Si
1103 4376 1131 4438 iu
1148 4377 1259 4439 ecclesia
1274 4399 1330 4438 non
1349 4377 1432 4440 scierit
1448 4379 1497 4463 qui
1517 4380 1722 4464 interpretetur,
1738 4379 1786 4462 qui

212 4485 311 4568 alogit,
327 4485 420 4556 lector,
436 4481 561 4544 sileat‘.s

253 4587 287 4648 Et
311 4607 398 4657 nunc,
422 4585 506 4648 lcater
525 4585 622 4647 dilecte
643 4595 671 4646 ct
690 4584 776 4646 amice
796 4584 909 4668 spiritus
929 4583 1000 4653 mei,
1023 4582 1181 4654 Timotheo,
1208 4583 1304 4646 festina
1326 4606 1425 4668 rogare
1440 4584 1591 4648 Dominum
1614 4588 1738 4648 oratione
1762 4597 1789 4648 et

208 4690 329 4774 jejunio,
346 4688 447 4772 sigiliis
462 4698 490 4750 et
511 4687 666 4760 laboribus,
685 4697 716 4749 ut
728 4686 813 4749 donet
829 4685 878 4748 tibi
895 4685 970 4748 Deua
981 4685 1101 4770 gratiam
1114 4685 1239 4769 magistri
1253 4687 1306 4758 tui,
1326 4687 1397 4748 sicut
1411 4686 1523 4750 donavit
1538 4689 1639 4759 Eliseo,
1653 4687 1790 4772 discipulo

214 4792 291 4862 Elim,
307 4791 420 4876 spirando
431 4813 495 4854 curu
507 4813 540 4853 eo
552 4801 579 4851 et
593 4812 649 4852 non
661 4791 786 4863 recessit,
803 4789 909 4874 usque*
924 4788 993 4850 dum
1009 4787 1161 4850 sublevavit
1175 4809 1240 4851 eum
1255 4788 1291 4850 ab
1303 4790 1358 4851 alto
1376 4789 1458 4852 Deos.
1472 4790 1629 4852 sustinebat
1641 4792 1715 4852 enim
1731 4812 1789 4852 mn·

214 4895 285 4956 litias
299 4893 449 4978 impiorum
464 4905 492 4956 et
506 4895 615 4978 eosqui
640 4915 671 4956 es
688 4894 791 4956 invidia
804 4891 991 4976 loquebantur
1012 4893 1036 4954 ei
1057 4891 1178 4954 dicentes
1194 4917 1201 4954 :
1217 4891 1305 4954 «Ecce
1323 4892 1476 4978 discipulus
1494 4891 1745 4978 pseudoprophetas
1763 4901 1791 4954 et

216 4997 316 5081 elegis
331 4998 576 5082 transgressorisln
594 4995 659 5060 llaec
673 4997 779 5059 audivit
792 5007 820 5058 ot
844 4997 872 5058 iu
885 4996 961 5057 nullo
977 4994 1104 5057 dillidita
1119 4997 1253 5080 magistro
1271 5017 1336 5066 suo,
1353 5004 1393 5066 et,
1409 5005 1522 5078 pmptcr
1538 4995 1603 5066 hoc,
1620 4994 1736 5080 adeptus
1750 5006 1791 5057 est

211 5088 290 5182 'quod
304 5097 425 5182 petebat,
447 5099 590 5183 geminum
606 5099 745 5182 spiritum.
761 5099 796 5160 Et
809 5098 938 5182 quamvis
955 5096 1057 5160 multos
1073 5096 1187 5159 haberet
1204 5096 1306 5159 Paulos
1323 5095 1486 5179 discipulos,
1502 5097 1531 5158 in
1547 5097 1621 5158 nullo
1638 5107 1728 5159 tamon
1744 5119 1791 5160 re-

215 5203 320 5288 quievit
331 5202 445 5286 spiritus
460 5202 534 5284 ojus,
550 5203 618 5263 sicut
642 5203 668 5264 iu
686 5212 711 5263 to
726 5202 774 5284 qui
788 5199 941 5260 sustinuisti
955 5221 1017 5261 cnm
1033 5221 1065 5260 oo
1079 5199 1269 5261 tribulationes
1284 5221 1354 5283 quas
1370 5219 1516 5282 perpessus
1528 5222 1557 5261 cs
1589 5209 1613 5261 ct
1630 5200 1792 5263 tentationes

256 5385 260 5414 ¹
284 5381 315 5442 li,
329 5381 347 5434 s.
361 5380 447 5432 rideris.
461 5384 515 5420 --2
537 5379 713 5439 empnam.
723 5383 778 5420 -³
792 5381 808 5432 rl
821 5378 840 5432 Γ
855 5381 903 5431 caiti
915 5381 946 5443 ὕ,
958 5379 1004 5431 col.
1017 5398 1040 5430 a.
1053 5379 1105 5418 a*
1119 5379 1136 5432 al
1146 5377 1165 5431 Γ
1175 5399 1180 5430 r
1191 5380 1222 5449 :37
1235 5381 1263 5439 ¹⁹,
1273 5377 1317 5430 rol.
1329 5397 1351 5431 s.
1369 5411 1399 5417 -
1414 5381 1423 5409 ⁵
1446 5379 1463 5432 ll
1477 5380 1495 5431 (ἶ
1511 5379 1634 5452 gratitudine.
