3990 6092
637 529 844 596 CLEMENS
875 528 1231 596 ttnxtnnnlnns.
1651 532 1716 600 305

151 703 302 748 essenon
325 703 507 776 possumus.
532 676 701 749 Invisibilis
727 703 785 777 pro
809 676 903 748 nobis
927 677 1059 750 visibilis
1084 679 1186 750 lectus
1205 690 1267 761 est,
1292 691 1327 748 ut
1348 676 1443 777 plene
1468 677 1718 778 incorruptionis

150 798 237 871 illius
252 797 424 898 participes
445 797 662 870 evaderemus.

759 992 810 1062 Vl.
840 1019 967 1064 musone
988 1020 1108 1064 nrcrnn.

203 1167 285 1239 Vani
305 1179 336 1240 et
357 1166 465 1238 lutiles
490 1179 566 1238 sunt
582 1168 639 1266 qui
659 1166 718 1240 Dei
740 1167 875 1240 salntem
896 1180 1032 1264 negant,
1055 1167 1191 1240 salutem
1207 1193 1325 1268 nempe
1341 1195 1438 1267 quem
1458 1167 1551 1241 nobis
1568 1169 1720 1241 incarna—
1744 1267 1748 1278 ι

153 1289 239 1360 tione
258 1315 315 1359 sue
333 1287 471 1360 contulit
482 1286 584 1361 Filius
599 1288 675 1372 Dei,
693 1288 853 1360 veniendo
873 1302 904 1360 at
922 1288 1089 1360 induendo
1103 1288 1313 1388 corruptibile
1330 1316 1446 1389 corpus
1465 1317 1501 1362 ex
1516 1289 1719 1362 immaculate

152 1409 282 1506 Virgine
300 1408 413 1480 Maria.

450 1603 517 1676 Vll.
546 1630 666 1687 menni,
686 1631 884 1676 tununnensis
907 1632 1054 1689 srrscorr,
1073 1633 1274 1678 rssrrnonruu
1293 1632 1329 1677 ns
1346 1633 1421 1677 rinc.

204 1781 230 1851 Α
249 1780 317 1852 Deo
333 1779 472 1879 separati
491 1793 567 1851 sunt
582 1778 629 1851 illi
646 1779 702 1881 qui
721 1807 788 1852 non
804 1781 957 1864 latentur,
977 1783 1069 1879 justa
1087 1808 1183 1853 suum
1201 1781 1384 1866 inventum,
1409 1781 1469 1853 Dei
1487 1781 1627 1856 Verbum
1643 1783 1724 1856 Uni-

154 1901 298 1998 genitum
317 1928 444 2002 semper
460 1899 655 1972 humanitati
674 1900 771 1973 luisse
790 1902 999 1999 conjunctum
1015 1915 1047 1973 et
1065 1901 1294 1974 coadunatum.

207 2060 289 2133 Vlll.
319 2062 407 2132 lnter
423 2060 588 2132 haereticos
607 2059 780 2157 ablegandi
797 2074 873 2131 sunt
895 2061 951 2160 qui
973 2087 1128 2157 magnum
1151 2073 1184 2132 et
1206 2060 1382 2158 gloriosum
1401 2060 1518 2134 Christi
1542 2088 1657 2160 corpus
1675 2062 1726 2133 di-

155 2181 270 2253 vidunt
285 2196 318 2253 et
334 2181 486 2253 mutilent
502 2179 599 2283 (35).

758 2358 810 2430 lll.
839 2385 966 2430 escensu
982 2363 1122 2430 nrcrnn¹.

211 2533 308 2604 lseias
326 2534 394 2606 ait:
416 2534 480 2605 «Et
503 2535 620 2606 accessi
640 2532 680 2606 ad
704 2533 956 2634 prophetissam,
982 2549 1013 2605 et
1035 2533 1197 2633 concepit,
1216 2547 1249 2605 et
1267 2533 1394 2633 peperit
1415 2533 1555 2605 titiant
1572 2531 1728 2635 (quitest)

159 2653 402 2740 «admirabilis,
418 2655 637 2740 consiliarius,
656 2655 743 2728 Deus
759 2654 912 2740 fortis³‚n
928 2655 1067 2755 loquens
1082 2653 1123 2727 de
1137 2653 1257 2727 unione
1267 2654 1362 2726 Verbi
1379 2681 1451 2727 cum
1468 2668 1613 2726 creatura
1625 2681 1685 2726 sue
1697 2666 1729 2726 et

161 2775 334 2848 ostendens
351 2777 519 2850 manifeste
537 2777 678 2850 Verbum
695 2803 824 2849 carnem
842 2778 962 2850 lectum
978 2803 1046 2850 esse
1062 2776 1181 2849 Filium
1200 2775 1259 2848 Dei
1278 2790 1309 2849 et
1327 2776 1444 2850 Filium
1462 2775 1614 2849 hominis.

890 3226 1000 3318 Vlll

619 3467 847 3546 cennens
882 3467 1273 3538 ttnxtnnntntJS.

324 3841 349 3916 l.
378 3867 448 3924 Qum
464 3869 509 3914 Sl'l'
528 3843 679 3914 unnestsl
698 3871 734 3914 EX
752 3867 912 3914 cttnznrts
933 3867 1147 3922 mommsen,
1167 3867 1202 3910 tn
1225 3866 1313 3911 rtnnn
1332 3867 1409 3912 trent
1426 3845 1562 3913 otrentl.

214 4019 351 4094 Heresis
370 4033 418 4092 est
439 4018 605 4092 inclinatio
623 4019 845 4102 scientiarum,
864 4017 929 4100 vel,
950 4015 1129 4090 secundum
1147 4014 1321 4115 quosdam,
1342 4017 1515 4116 propensio
1533 4045 1605 4118 quae
1627 4031 1674 4090 est
1695 4019 1728 4089 in
1824 4043 1830 4054 ’

162 4145 274 4217 multis
286 4141 443 4225 scientiis,
450 4141 541 4239 juxta
555 4167 654 4239 quam
673 4138 849 4239 unicuique
862 4137 1045 4210 adhaeretur
1056 4151 1093 4209 ut
1105 4136 1241 4209 visibilia
1253 4150 1285 4208 et
1298 4137 1369 4207 vitae
1383 4137 1541 4236 placentia
1557 4138 1728 4236 eligentur.

162 4264 305 4340 Scientia
328 4275 436 4335 autem
462 4273 510 4333 est
537 4259 780 4360 comprehensio
805 4259 953 4359 quaedam
971 4257 1153 4342 rationalis;
1173 4257 1415 4357 comprehensio
1432 4285 1506 4330 vero
1526 4273 1574 4331 est
1594 4259 1730 4360 qualitas

162 4399 217 4484 aput
241 4384 394 4486 perfectio
420 4383 553 4466 mentis,
580 4381 720 4454 sednon
749 4378 972 4452 tantummodo
1000 4379 1033 4450 in
1058 4375 1282 4478 hypotheticis.
1309 4375 1431 4452 Omnes
1456 4391 1562 4451 autem
1587 4379 1671 4452 docti
1696 4381 1727 4452 in

163 4507 338 4607 quamdam
359 4499 542 4607 (haeresim)
563 4502 743 4602 impingere
767 4500 889 4585 solent,
911 4499 976 4573 sive
998 4499 1040 4571 ob
1064 4498 1262 4572 debilitatem
1284 4500 1416 4585 mentis,
1440 4499 1503 4572 sive
1526 4499 1567 4572 ob
1586 4500 1732 4572 obscuri-

162 4641 260 4702 tatem
276 4625 475 4726 argumenti‚
493 4624 557 4696 sive
575 4623 617 4695 ob
635 4623 796 4722 aequivoca
814 4619 978 4694 vocabula.

731 4859 739 4874 ·
789 4833 829 4906 ll.
858 4861 894 4905 nr
909 4858 1104 4905 roenrrrnrn.

217 5014 282 5099 Qui
301 5015 334 5087 in
358 5014 453 5088 vetito
472 5014 558 5087 malo
582 5024 787 5113 perseverant
806 5011 956 5084 homines
980 5037 997 5082 a
1020 5009 1141 5082 sinistri
1162 5007 1271 5082 lateris
1288 5009 1588 5109 supervenientibus
1608 5010 1733 5110 angelis

201 5193 209 5225 ¹
229 5189 289 5244 nna.
302 5187 369 5245 Her.
386 5189 427 5254 lV,
439 5209 475 5252 nr.
491 5208 515 5243 e.
526 5187 567 5242 W.
583 5188 687 5260 Horren,
699 5187 714 5241 l.
730 5207 753 5241 c.
768 5185 803 5250 11,
816 5205 841 5259 p.
856 5183 924 5250 266,
937 5191 962 5239 et
973 5203 1030 5257 que
1042 5202 1056 5239 e
1067 5183 1158 5256 syriace
1172 5183 1342 5238 nannetimus
1352 5183 1451 5257 lingua,
1464 5188 1491 5238 n'
1502 5184 1587 5240 xvsst.
1600 5189 1657 5226 -¹
1675 5183 1740 5240 lsai„

164 5303 222 5350 cnr,
237 5285 262 5340 3.
276 5287 335 5323 -³
354 5280 413 5335 thid.
428 5300 465 5344 rr,
480 5283 505 5335 6.
519 5311 554 5322 -
569 5281 579 5314 ⁴
599 5281 628 5334 ln
643 5280 716 5334 erlitis
727 5297 817 5353 groece.
832 5297 913 5351 neque
927 5277 1009 5352 prius,
1022 5296 1104 5351 neque
1118 5276 1241 5349 posterius
1253 5275 1419 5349 fragmentum
1436 5277 1546 5350 reperire
1562 5277 1672 5351 contigit

1551 5429 1584 5464 20
