3990 6092
263 632 331 699 286
617 629 790 696 Purattu
821 629 1218 698 ANTENIGAENORUM
1250 631 1485 698 tnttucrt.

263 807 361 853 ecum
383 781 442 864 sis,
465 793 496 852 te
518 780 623 851 Deum
643 777 855 879 predicas¹.n
881 779 948 852 Sed
967 779 1062 852 Fides
1084 780 1252 852 intervenit
1275 794 1306 852 et
1328 779 1435 854 divina
1459 808 1515 854 vox
1537 793 1568 852 tc
1591 780 1764 866 convincit,
1788 782 1830 854 ad

261 929 404 975 sororem
424 901 544 974 mortui
559 900 686 973 dicens:
702 902 762 974 «Si
784 900 911 986 credas,
931 901 1053 974 videbis
1071 902 1131 974 Dei
1147 901 1341 1000 gloriante
1359 903 1440 975 ltem
1458 915 1491 975 ct
1512 903 1554 975 ad
1576 930 1694 975 caecum
1717 916 1831 976 natum

261 1025 355 1096 dicit:
378 1024 514 1097 «Credis
533 1024 565 1094 in
586 1022 704 1096 Filium
727 1024 806 1095 neit
824 1024 896 1122 lpse
915 1024 1002 1095 enim
1019 1023 1140 1124 estqui
1162 1023 1307 1124 loquitur
1323 1037 1430 1096 tecum
1438 1029 1489 1094 ³.n
1511 1025 1620 1096 Caecus
1642 1023 1713 1108 ille,
1737 1053 1830 1125 eque

259 1173 295 1217 ac
314 1145 397 1218 latro
417 1157 537 1228 noster,
559 1144 651 1217 illum
672 1145 817 1217 adoravit
836 1145 1039 1217 exclamans:
1061 1143 1208 1228 «Credo,
1229 1145 1431 1217 nominet„
1453 1145 1522 1218 Hac
1541 1145 1740 1219 confessione
1760 1173 1828 1218 non

258 1266 355 1340 modo
372 1265 552 1339 naturalem
568 1266 674 1337 lucem
690 1279 832 1350 tantum,
849 1266 906 1337 sed
923 1265 1003 1338 lueis
1017 1266 1119 1364 ipsius
1134 1278 1297 1338 auctorem
1313 1266 1450 1351 invenit,
1469 1267 1573 1339 Deum
1589 1265 1741 1338 sciliceta
1759 1266 1830 1338 Deo

259 1401 291 1460 et
305 1387 458 1460 Verbum.
479 1386 590 1458 Talem
612 1385 795 1457 mercedem
815 1412 871 1458 vox
892 1386 1022 1485 accipit,
1044 1413 1115 1485 que
1141 1399 1283 1458 nostram
1303 1413 1409 1458 veram
1432 1386 1530 1460 fidem
1553 1387 1694 1459 Domino
1718 1400 1828 1459 nostro

256 1510 331 1582 lesu
350 1508 477 1581 Christo
493 1506 673 1579 confitetur.

308 1686 375 1758 Vll.
403 1685 444 1756 Et
460 1711 547 1756 nune
564 1711 642 1781 rogo
660 1710 730 1768 vos,
750 1683 869 1756 Christi
884 1683 996 1755 lideles
1013 1682 1228 1766 dilectissimi,
1244 1695 1282 1754 ut
1296 1683 1394 1755 fidem
1410 1711 1429 1755 a
1445 1683 1561 1756 dextris
1577 1684 1675 1784 positi
1694 1682 1827 1758 latronis

256 1806 427 1879 imitemini
438 1819 470 1876 et
482 1819 533 1890 ut,
550 1807 619 1904 ejus
634 1804 703 1877 voci
717 1829 826 1878 vocem
839 1818 975 1878 vestram
987 1805 1180 1903 jungentes,
1194 1803 1359 1876 sinistrum
1370 1803 1527 1878 latronem
1543 1804 1746 1904 vituperetis,
1757 1808 1828 1904 ejus

255 1927 514 2000 incredulitatem
536 1925 752 2026 deplorantes.
777 1927 858 1998 Nam
880 1927 932 1998 hic
954 1926 1052 2010 latro,
1076 1926 1153 2025 quia
1176 1953 1194 1996 a
1219 1953 1293 1997 voce
1321 1925 1439 1997 Christi
1463 1927 1606 2012 recessit,
1630 1927 1825 2026 primitivam

254 2050 415 2122 dexteram
429 2048 628 2120 mansionem
641 2047 893 2147 pulcherrimam
906 2074 979 2120 cum
993 2047 1057 2120 illis
1072 2046 1199 2118 duobus
1213 2046 1406 2132 nonhabet,
1420 2047 1476 2120 sed
1489 2047 1531 2118 ad
1544 2047 1705 2120 sinistram
1718 2060 1827 2120 trans-

253 2170 338 2243 latus
352 2170 399 2241 ibi
414 2169 543 2242 relictus
558 2181 616 2240 est.
634 2169 673 2240 Et
685 2195 772 2240 nunc
782 2167 871 2240 vides
887 2195 985 2268 quam
1000 2166 1218 2239 miserandum
1232 2165 1272 2238 sit
1282 2167 1395 2239 vitium
1409 2167 1631 2240 incredulitas!
1649 2167 1825 2270 Utriusque

252 2293 369 2364 horurn
387 2288 586 2392 (latronum)
601 2290 684 2360 lacta
699 2316 765 2388 prae
780 2289 845 2360 tuis
861 2288 961 2360 oculis
971 2291 1097 2387 jacent,
1117 2315 1189 2387 quae
1207 2289 1362 2361 continuo
1377 2289 1553 2361 recitantur
1569 2303 1600 2362 et
1616 2290 1770 2386 leguntur
1788 2317 1824 2361 ex

253 2413 343 2483 libris
365 2410 631 2495 sacerdotalibus,
652 2411 728 2510 qui,
752 2410 802 2482 his
825 2409 1069 2482 evidentissimis
1091 2408 1263 2508 propositis
1286 2410 1501 2507 argumentis,
1525 2410 1584 2481 tibi
1607 2410 1824 2482 firmissimam

252 2533 527 2631 certissimamque
544 2530 786 2630 persuasionem
810 2531 842 2602 in
862 2531 1006 2604 animum
1029 2530 1189 2602 inducunt
1211 2529 1406 2604 Crucifixurn
1430 2559 1498 2603 esse
1520 2532 1623 2603 Deum
1648 2545 1681 2603 et
1703 2530 1821 2603 Filium

253 2655 322 2727 Dei.
340 2654 400 2725 Cui
415 2653 535 2752 gloria,
553 2665 613 2726 ete.
630 2651 716 2755 (ll)

1006 2899 1061 2973 lll

534 3111 812 3176 FRAGMENTUM
833 3112 1041 3176 llPlS'l'OLlll
1062 3111 1262 3174 ARlS'l'lDAE
1282 3109 1529 3174 Prrttosorffl

799 3257 845 3311 hl)
861 3257 980 3312 OMNES
996 3257 1259 3312 Pnttosoenos

297 3427 419 3500 Omnes
440 3427 567 3500 dolores
583 3454 655 3498 vere
678 3453 791 3526 passus
813 3439 861 3498 est
884 3425 1066 3524 incorpore
1087 3453 1162 3510 suo,
1184 3423 1289 3523 quod,
1310 3423 1512 3525 heneplacito
1536 3423 1640 3496 Patris
1660 3437 1692 3495 et
1713 3423 1815 3525 Spiri-

244 3561 296 3621 tus
313 3548 438 3633 Sancti,
452 3548 492 3620 de
507 3548 631 3647 virgine
649 3547 801 3630 Hebraea,
819 3545 859 3617 de
878 3546 997 3616 Sancta
1012 3543 1129 3628 Maria,
1146 3559 1379 3642 assumpserat,
1395 3559 1493 3646 atque
1510 3546 1589 3630 sihi,
1608 3545 1764 3658 ineffabili
1782 3561 1815 3618 et

242 3668 431 3742 indivisibili
445 3671 581 3753 unione,
600 3669 815 3766 conjunxerat.

1003 3887 1050 3986 1'v

292 4103 459 4176 Divinitati
480 4101 655 4202 spiritualis
673 4113 788 4174 natura
805 4099 935 4202 propria
953 4116 1017 4187 est,
1034 4099 1158 4200 angelis
1174 4099 1286 4198 ignea,
1307 4098 1509 4174 damonibus
1526 4129 1663 4200 aquosa,
1682 4102 1813 4199 generi-

240 4250 304 4322 que
324 4217 467 4296 hurnano
486 4237 623 4296 terrena.

276 4437 283 4466 ¹
303 4433 372 4488 loon.
389 4455 414 4498 r,
430 4438 473 4490 33.
489 4441 547 4478 —2
566 4436 625 4491 lhid.
637 4457 677 4504 rr,
692 4439 735 4493 lto.
751 4442 810 4480 -³
830 4433 888 4491 ttit.
903 4454 938 4502 rr,
954 4437 1002 4502 35,
1019 4438 1131 4509 37.-‘
1151 4435 1210 4491 tttt.
1227 4437 1271 4492 38.

910 4687 1134 4703 Q
