3980 6084
279 537 346 605 tto
631 535 805 602 PATRUM
830 534 1230 614 ANTENICAENORUM
1256 536 1497 604 unaucurt.

279 687 393 759 Nostra
415 685 502 759 enirn
520 699 653 769 natura,
678 684 770 784 cujus
793 711 887 758 causa
907 684 1083 758 Cherubim
1103 685 1289 785 paradisum
1306 686 1523 772 custodiebat,
1540 687 1638 762 bodie
1656 715 1757 791 super
1783 690 1861 763 illos

279 809 379 882 sedet.
1809 902 1814 911 .

332 928 495 1002 Mirernini
514 927 614 1026 igitur
635 927 804 1027 deinceps,
821 925 1036 1011 dilectissimi,
1053 927 1185 1001 Domini
1207 930 1302 1002 vestri
1326 928 1599 1015 benevolentiam,
1618 943 1860 1031 tantorumque

280 1048 439 1122 donorum
462 1049 607 1121 datorem
625 1046 771 1132 laudate,
791 1049 945 1149 quoniam
964 1048 1042 1120 mali
1059 1050 1319 1148 magnitudinem
1337 1051 1497 1150 superavit
1520 1051 1696 1150 gratiarum
1717 1053 1857 1136 ell'usi03

280 1184 313 1243 et
327 1169 493 1271 quomodo
509 1197 527 1242 e
542 1169 693 1268 paradiso
709 1171 827 1268 ejectos
840 1169 882 1242 ad
901 1169 1015 1243 coelum
1030 1170 1182 1256 evexerit,
1199 1170 1363 1270 quomodo
1377 1185 1480 1244 morte
1495 1170 1666 1245 damnatos
1681 1173 1860 1246 immorta-

255 1364 260 1374 ,
280 1291 370 1365 litate
388 1290 574 1375 donaverit,
594 1291 759 1390 qncmodo
774 1305 874 1364 tortos
887 1305 919 1364 et
933 1291 1081 1391 expulsos
1098 1318 1156 1363 nos
1168 1306 1275 1365 tamen
1288 1291 1372 1364 filios
1389 1295 1502 1366 vocaie
1513 1293 1732 1390 dignatussit,
1750 1308 1859 1394 atque

281 1441 347 1486 non
362 1412 468 1487 solum
486 1413 572 1484 filios
587 1412 644 1485 sed
662 1426 694 1484 et
710 1411 893 1486 coheredes
910 1411 1044 1497 Christi,
1063 1413 1336 1513 contemplemini.
1352 1413 1474 1486 Videtis
1488 1414 1544 1486 illa
1563 1441 1636 1514 quae
1652 1414 1745 1488 nobis
1763 1442 1860 1487 nunc

281 1534 386 1618 dedit,
404 1562 442 1606 ea
458 1532 577 1634 quibus
591 1561 649 1607 nos
665 1549 760 1606 antea
773 1533 935 1634 spoliavit,
955 1546 1077 1634 quanto
1093 1548 1258 1635 superent.

332 1657 388 1740 At,
407 1655 500 1727 illum
518 1655 691 1727 exaltatum
709 1666 742 1727 et
758 1681 926 1728 ascensum
944 1654 1127 1740 audientes,
1142 1655 1175 1728 in
1192 1656 1260 1729 Deo
1275 1655 1410 1728 localem
1430 1655 1573 1755 aliquam
1592 1657 1725 1730 existere
1743 1671 1860 1729 muta-

282 1778 404 1850 tionem
430 1803 472 1848 ne
490 1775 643 1860 credatis,
663 1777 819 1876 quoniam
838 1775 948 1849 Deitas
973 1775 1081 1850 omnia
1105 1775 1219 1877 implet
1243 1775 1460 1877 omnibusque
1476 1776 1579 1850 vicina
1601 1793 1660 1850 est.
1678 1779 1858 1879 Assumpto

281 1899 368 1972 enim
392 1925 428 1970 ac
451 1910 597 1969 mutuato
619 1924 638 1968 a
660 1897 754 1970 nobis
776 1923 909 1998 corpore
929 1895 1063 1969 visibilis
1085 1897 1156 1970 lieri
1181 1897 1334 1996 dignatus
1353 1911 1401 1971 est
1420 1899 1518 1972 Deus.
1540 1898 1633 1972 Unde
1657 1926 1714 1972 nos
1737 1927 1859 1972 omnes

281 2018 378 2092 bodie
397 2019 457 2092 boc
474 2017 683 2120 splendidum
702 2018 912 2120 lucidumque
929 2019 1045 2091 festum
1063 2018 1225 2092 celebrare
1237 2018 1327 2102 licet,
1342 2019 1496 2118 quoniam
1515 2019 1609 2093 nobis
1627 2019 1780 2093 omnibus
1796 2020 1856 2093 illo

281 2141 346 2213 lrui
370 2141 536 2213 concessit.
563 2141 706 2214 Humani
731 2139 850 2214 etenim
877 2165 1050 2241 servosque
1072 2167 1149 2213 suos
1167 2139 1329 2238 diligentis
1354 2140 1480 2213 domini
1505 2168 1613 2226 moro,
1636 2142 1772 2214 aservis
1797 2141 1858 2242 qui

282 2262 375 2334 illum
387 2275 498 2334 amant
512 2288 576 2335 non
593 2261 738 2346 recessit,
752 2261 809 2333 sed
823 2274 960 2333 econtra
980 2260 1111 2334 illorum
1126 2274 1244 2334 vestem
1260 2260 1475 2361 superinduit.

333 2384 380 2456 lta
397 2383 555 2455 Dominus
570 2395 680 2454 noster
692 2409 795 2480 genus
810 2380 992 2454 humanum
1014 2381 1153 2480 diligens
1167 2380 1315 2480 illudque
1331 2381 1365 2453 in
1381 2380 1532 2480 abyssum
1547 2381 1624 2454 mali
1645 2382 1854 2484 prolapsum,

282 2505 428 2604 qualibet
453 2531 510 2604 spe
537 2503 727 2576 destitutum
753 2503 882 2587 salutis,
903 2503 1215 2604 pauperrimumquc
1241 2503 1389 2575 effectum
1413 2502 1540 2587 videns,
1568 2503 1611 2576 ad
1637 2503 1719 2577 illud
1741 2505 1856 2578 venire

282 2627 434 2724 dignatus
451 2639 515 2708 est,
532 2638 646 2723 atque,
663 2638 826 2724 assumpto
839 2639 946 2697 nostro
963 2651 1114 2724 corpore,
1128 2623 1260 2696 visibilis
1272 2624 1374 2696 lactus
1390 2623 1548 2724 nobisque
1561 2624 1678 2698 ductor
1694 2627 1856 2699 eonstitu-

281 2761 350 2831 tus,
363 2772 421 2818 nos
439 2735 552 2818 omnes
569 2746 610 2818 ab
625 2771 733 2818 errore
746 2743 788 2816 ad
800 2745 964 2818 veritatem
980 2744 1124 2818 adduxit.
1142 2744 1234 2818 Unde
1251 2743 1384 2828 clamat,
1398 2744 1527 2817 dicens:
1543 2745 1636 2819 «Non
1655 2745 1726 2819 veni
1737 2773 1855 2818 vocare

283 2869 412 2966 «justos
429 2865 485 2939 sed
508 2879 691 2965 peccatores
709 2864 751 2936 ad
766 2864 1046 2964 poenitentiam¹.n
1068 2865 1159 2938 Nunc
1175 2879 1284 2940 autem
1306 2866 1415 2939 omnia
1438 2865 1593 2950 restituit,
1614 2880 1712 2967 prout
1732 2867 1854 2949 voluit,

283 3003 381 3088 atque
397 2987 505 3060 omnia
521 2985 590 3058 loca
601 2986 643 3058 ad
652 2987 757 3058 imum
773 2985 904 3086 delapsa
920 2987 1084 3073 exaltavit,
1096 3000 1133 3058 ut
1148 2987 1193 3060 ait
1204 2986 1364 3088 propheta
1380 3018 1388 3058 ε
1410 2987 1496 3058 «Lex
1511 2987 1653 3060 veritatis
1667 2987 1729 3060 luit
1744 2988 1779 3059 in
1798 3015 1853 3060 ore

283 3111 378 3209 «ejus
395 3123 428 3181 et
445 3108 599 3209 iniquitas
617 3135 684 3180 non
704 3119 751 3181 est
768 3108 897 3181 inventa
915 3109 949 3182 in
966 3108 1061 3181 labiis
1081 3110 1150 3208 ejus
1167 3140 1174 3180 :
1194 3108 1228 3180 in
1246 3133 1325 3208 paee
1341 3121 1374 3180 et
1392 3107 1426 3178 in
1441 3107 1592 3208 aequitate
1607 3105 1719 3210 (209)
1733 3109 1856 3181 ambu-

284 3230 384 3303 clavit
398 3258 525 3304 mecum
541 3243 573 3302 et
590 3231 709 3302 multos
724 3230 838 3302 avertit
853 3229 894 3302 ab
909 3230 1138 3332 iniquitate².n
1154 3229 1315 3302 Eraltatus
1330 3244 1440 3302 autem
1455 3228 1602 3301 Salvator
1617 3243 1725 3302 noster
1739 3257 1855 3303 omnes

283 3380 342 3427 nos
365 3351 406 3424 ad
431 3379 465 3424 se
488 3352 630 3462 attranit,
656 3364 815 3453 cauteque
842 3378 938 3451 supra
964 3350 1060 3422 crelos
1084 3350 1250 3422 constituit
1275 3350 1485 3447 Unigenitum
1512 3349 1569 3424 Dei
1594 3350 1751 3436 Verbum,
1778 3363 1855 3452 post

283 3475 438 3546 unionem
460 3501 551 3545 suam
570 3500 644 3544 cum
667 3485 775 3545 nostro
802 3498 947 3571 corpore.
971 3470 1138 3545 Onovum
1156 3485 1188 3543 ct
1205 3471 1324 3544 mirum
1341 3470 1576 3570 spectaculum,
1600 3471 1689 3572 quod
1707 3472 1741 3544 in
1763 3473 1854 3544 emtis

282 3595 425 3668 attonitae
445 3596 664 3692 mirantesque
680 3593 869 3692 angelorum
890 3606 1004 3664 turmae
1018 3592 1180 3692 praebent,
1198 3591 1274 3663 talia
1291 3590 1452 3676 videntes,
1468 3591 1587 3691 llegenr
1605 3592 1716 3691 gloriar
1733 3593 1854 3666 enerci-

284 3731 441 3816 tuumque
458 3716 632 3788 Dominum
651 3715 865 3788 celebrantes!

336 3839 441 3921 ..Quis
468 3850 515 3910 est
538 3837 614 3922 iste,
633 3836 780 3920 aiebant,
799 3836 856 3934 qui
876 3836 962 3909 venit
982 3834 1023 3907 de
1045 3835 1165 3920 Edem,
1188 3834 1295 3908 tinctis
1317 3834 1458 3908 vestibus
1477 3835 1518 3907 de
1537 3835 1700 3908 bosra³ln
1718 3835 1854 3909 Rubedo

282 3961 512 4058 interpretatur
532 3959 573 4030 de
595 3957 737 4059 corporis
755 3957 904 4055 angustia
924 3972 955 4029 et
972 3957 1132 4058 passione.
1152 3956 1358 4057 Quapropter
1375 3957 1492 4028 iterum
1510 3957 1744 4055 interrogantes
1761 3956 1852 4029 dice-

282 4081 363 4152 bant
382 4111 389 4154 :
409 4079 521 4164 aOuid
536 4095 612 4151 sunt
631 4077 733 4179 plagae
750 4077 819 4150 iste
835 4078 869 4150 in
888 4078 995 4150 medio
1010 4105 1168 4150 manuum
1187 4077 1338 4150 tuorum?
1355 4077 1394 4149 Et
1410 4077 1494 4150 dicet
1510 4107 1518 4149 :
1537 4077 1594 4150 His
1613 4077 1761 4178 plagatus
1778 4104 1851 4149 sum

284 4201 342 4272 ain
357 4200 452 4272 dorna
469 4227 580 4272 corum
597 4201 653 4301 qui
667 4199 846 4298 diligebant
861 4204 968 4272 met„
983 4199 1285 4284 Quemadmodum,
1298 4213 1371 4300 post
1382 4199 1651 4273 resurrectionem
1667 4200 1851 4281 amortuis,

283 4321 415 4394 Thornae
432 4321 563 4421 propria
578 4321 672 4421 culpa
683 4319 867 4404 incredulo,
886 4348 1002 4392 manus
1017 4320 1217 4394 ostendendo
1236 4335 1418 4422 suasatque
1430 4321 1464 4392 in
1476 4320 1521 4393 eis
1536 4319 1606 4394 loca
1618 4321 1796 4404 clavorum,
1813 4347 1848 4394 ea

285 4457 415 4539 tangere
429 4443 549 4540 jubens
568 4452 633 4514 non
650 4469 741 4515 secus
756 4469 792 4515 ac
810 4442 919 4514 lateris
935 4442 1097 4526 foramen,
1120 4442 1352 4542 discipulorum
1371 4442 1517 4515 omnium
1538 4441 1636 4514 fidem
1652 4442 1851 4515 confirmavit

285 4565 446 4666 Christus,
460 4564 505 4635 ita
519 4563 615 4635 coelos
629 4563 786 4635 introiens
800 4577 928 4635 sanctos
943 4563 1075 4661 angelos
1091 4564 1306 4646 confirmavit,
1317 4564 1381 4635 illis
1394 4563 1566 4636 ostendens
1580 4563 1732 4636 dilectum
1748 4563 1851 4634 lsrae-

284 4685 347 4758 lern
364 4686 451 4784 juste
475 4683 640 4756 exclusum
658 4684 756 4755 luisse
782 4711 900 4756 enovo
918 4683 1055 4767 lredere,
1077 4683 1119 4755 ob
1141 4684 1300 4780 sanguine
1321 4683 1499 4756 maculatas
1518 4697 1636 4768 vestes,
1656 4685 1763 4785 obque
1781 4683 1852 4756 vul-

285 4835 364 4880 nera
387 4807 419 4878 in
440 4806 591 4880 manibus
606 4820 745 4905 recepta.
765 4806 804 4878 tlt
826 4805 893 4878 baec
914 4805 1053 4903 abstergi
1078 4805 1202 4888 valent,
1228 4805 1398 4903 quoniam,
1426 4804 1624 4903 resurgendo
1652 4833 1671 4878 a
1700 4805 1852 4886 mortuis,

285 4929 431 5001 Christus
454 4928 693 5029 corruptionem
713 4927 800 5000 exuit
824 4954 897 4998 cum
918 4927 1070 4998 omnibus
1093 4953 1165 5025 quae
1190 4925 1231 4998 ad
1255 4926 1358 5026 ipsam
1380 4927 1555 5027 pertinent.
1577 4928 1623 4999 lta
1651 4940 1759 4999 autem
1784 4927 1853 4998 lac-

285 5067 353 5124 tum
377 5063 439 5134 est,
459 5065 494 5123 ut
513 5077 572 5150 per
591 5048 765 5122 Ecclesiam
788 5047 969 5121 coelestibus
990 5046 1143 5149 potentiis
1163 5060 1195 5119 et
1211 5047 1424 5147 potestatibus
1442 5061 1517 5121 nota
1542 5049 1634 5121 lieret
1647 5047 1854 5119 multiformis

321 5325 327 5356 ¹
349 5321 406 5376 Luc.
425 5341 444 5381 v,
462 5323 504 5376 aa.
519 5327 578 5362 ——2
594 5321 743 5386 tratactu,
761 5323 786 5375 o.
850 5325 860 5354 ὃ
874 5319 965 5385 lacios,
981 5339 1052 5384 tint,
1072 5337 1094 5375 1.
1106 5353 1142 5360 —-
1157 5321 1166 5354 ¹
1180 5318 1282 5374 Zurbar.
1297 5337 1354 5384 rrrr,
1368 5319 1393 5372 b.
