3990 6092
741 589 944 657 SANCTUS
974 587 1190 656 lRENAEUS.
1687 585 1753 655 295

182 743 308 826 lesum,
327 741 480 840 huncque
499 765 566 812 esse
584 739 765 824 Christum,
783 739 840 841 qui
861 739 978 812 iterum
996 739 1155 824 aseendit,
1175 739 1298 840 quique
1316 735 1432 838 luerat]
1454 749 1589 808 creator.
1608 737 1670 808 Aut
1685 735 1756 838 (di-

183 861 277 964 cunt)
294 862 392 934 istum
415 887 483 934 esse
502 887 537 932 er
556 862 750 945 oeronomia,
766 860 924 961 illumque
942 887 978 932 es
993 859 1132 960 lesepbe
1149 885 1246 960 quern
1270 858 1480 958 posteriorem
1501 854 1687 957 passibilem
1705 857 1756 928 la·-

184 984 289 1066 oiunt‚
309 981 387 1053 dum
411 981 548 1054 altemm
572 981 613 1052 eb
636 981 851 1054 invisibilibus
869 995 901 1053 et
919 980 1139 1053 ineffabilibus
1161 979 1369 1063 descensum,
1388 977 1628 1076 intangibilem‚
1646 977 1758 1049 inrisi-

182 1103 281 1178 bilem
309 1102 605 1202 impassibilemque
631 1129 699 1174 esse
720 1103 898 1182 allirmant,
918 1130 936 1174 a
957 1103 1089 1174 veritate
1113 1101 1299 1174 recedentes
1321 1127 1359 1172 eo
1383 1099 1472 1199 quod
1494 1099 1623 1172 recedat
1644 1123 1756 1172 eornm

183 1225 401 1298 sententiaeb
420 1221 491 1308 illo,
510 1224 568 1324 qui
587 1251 658 1296 rere
676 1239 725 1296 est
739 1223 874 1324 (Deus).

727 1474 808 1545 Vlll.
839 1503 873 1545 rr
892 1501 1001 1546 rrsnun
1021 1499 1092 1544 rosr
1108 1479 1214 1554 surs¹=

233 1671 318 1752 Cum
343 1684 452 1744 errent
470 1699 488 1742 s
508 1671 655 1750 veritate,
678 1697 717 1743 eo
741 1671 831 1771 quod
853 1669 981 1743 recedat
1004 1669 1162 1742 sententis
1185 1669 1315 1742 illorum
1339 1669 1380 1741 ab
1405 1668 1460 1740 illo
1485 1669 1542 1768 qui
1564 1681 1612 1742 est
1622 1672 1643 1740 ².
1654 1668 1758 1750 Deus,

185 1793 331 1865 nesciunt
349 1792 446 1891 hujus
460 1791 602 1864 Verbum
622 1791 840 1889 unigenitum,
857 1791 939 1865 illud
953 1791 1043 1891 quod
1061 1817 1189 1890 semper
1209 1791 1321 1888 generi
1337 1788 1482 1864 humano
1501 1789 1609 1873 adest,
1628 1790 1757 1862 unitum

186 1927 217 1987 et
242 1913 503 2012 configuratum³
519 1913 667 2013 plasmati
689 1939 764 1996 suo,
782 1911 963 1985 secundum
982 1912 1134 2012 placitum
1157 1911 1261 1983 Patris
1282 1937 1414 1983 carnem
1430 1911 1529 1983 luisse
1552 1910 1688 1996 lectum,
1708 1911 1759 2010 ip-

189 2060 322 2134 sumque
340 2061 408 2108 esse
423 2033 534 2106 lesum
551 2032 730 2116 Christum,
745 2033 921 2106 Dominum
939 2047 1101 2114 nostrum,
1116 2033 1174 2132 qui
1191 2043 1223 2104 et
1240 2057 1353 2132 passus
1370 2045 1419 2104 est
1434 2057 1494 2131 pro
1510 2029 1621 2114 uobis,
1640 2044 1672 2102 et
1689 2056 1759 2102 sur·
1865 2053 1869 2062 ·
1990 2023 1991 2048 ¹

186 2156 265 2227 rexit
281 2167 414 2256 propter
430 2181 489 2227 nos
508 2167 539 2227 et
556 2154 675 2226 iterum
695 2166 848 2226 venturus
866 2167 913 2226 est
930 2154 963 2225 in
982 2153 1087 2252 gloria
1101 2151 1231 2260 Patris¹
1249 2152 1316 2237 sui,
1331 2150 1372 2226 ad
1389 2151 1608 2226 suscitandam
1626 2151 1759 2223 univer-

186 2303 254 2348 sam
277 2302 422 2359 carnem,
446 2273 488 2348 ad
517 2275 654 2348 salutem
682 2274 932 2358 ostendendam,
947 2289 1002 2380 -eb
1019 2274 1059 2346 ad
1087 2272 1233 2370 regulam
1251 2273 1332 2372 justi
1355 2272 1470 2373 judicii
1500 2271 1760 2346 extendendam⁵

185 2425 283 2498 super
300 2399 484 2499 omnesqui
501 2397 563 2472 ab¹
579 2399 648 2499 ipso
661 2397 736 2471 lecti
754 2410 840 2470 sunt.
881 2466 889 2500 r
924 2491 926 2496 Ι
944 2395 970 2410 ”
997 2399 1000 2406 ’

792 2631 843 2702 ΙΧ.
872 2659 907 2702 sr
925 2659 997 2704 rosr
1016 2636 1149 2702 rsurs¹:

243 2827 384 2899 Breviter
408 2827 485 2899 dicit
512 2827 576 2898 illis
603 2828 660 2926 qui
684 2828 793 2899 volunt
823 2828 937 2899 audire
958 2859 964 2898 :
986 2826 1088 2898 Nolite
1114 2852 1247 2899 errare:
1267 2825 1385 2898 eUnus
1417 2838 1448 2896 et
1480 2822 1566 2895 idem
1596 2837 1643 2894 est
1670 2823 1761 2894 lesus
1824 2874 1827 2882 ·

188 2945 377 3031 «Christus,
394 2947 495 3020 Filius
513 2949 587 3030 Dei,
606 2950 678 3046 qui,
692 2975 753 3046 per
770 2949 950 3046 passionem
970 2973 1078 3030 suam,
1095 2945 1311 3018 reconciliavit
1329 2971 1388 3016 nes
1405 2945 1474 3017 Deo
1492 2959 1524 3016 et
1539 2945 1726 3016 ressurrexit
1743 2971 1761 3014 a

190 3068 410 3140 «monuisti

690 3299 694 3308 ,
760 3223 795 3296 ll.
827 3252 859 3296 sr
875 3251 984 3296 rrssuu
998 3251 1068 3296 rosr
1084 3229 1192 3295 suu⁹:

184 3417 191 3438 ‘
242 3423 307 3508 Qui
324 3422 474 3522 spiritum
489 3419 621 3522 quidem
639 3419 831 3505 interimunt
846 3417 1096 3521 (intelligentes)
1114 3418 1213 3490 alium
1230 3445 1298 3489 esse
1317 3415 1496 3500 Christum,
1514 3416 1679 3517 aliumque
1694 3442 1762 3488 esse

190 3545 316 3627 lesum,
337 3543 487 3615 docentes
512 3568 578 3614 non
602 3569 704 3613 unum
726 3541 783 3613 sed
802 3540 912 3641 plures
934 3567 1001 3612 esse
1024 3539 1177 3636 Christos.
1202 3537 1306 3611 Etiam
1329 3565 1403 3610 eum
1430 3537 1543 3610 dicunt
1569 3535 1642 3609 illos
1665 3535 1763 3608 luisse

193 3666 380 3764 conjunctos
399 3662 501 3766 (21),
519 3664 636 3736 iterum
660 3662 808 3735 dividunt
821 3667 848 3708 ¹⁰
865 3689 934 3746 eos,
955 3661 1091 3734 dicendo
1108 3659 1197 3733 buno
1212 3659 1345 3761 quidem
1362 3670 1523 3732 tormenta
1534 3663 1555 3704 ¹¹
1574 3685 1763 3759 perpessum

192 3814 277 3871 esse,
293 3787 390 3859 istum
407 3812 482 3858 vero
501 3785 729 3886 impassibilem
752 3785 960 3867 remansisse,
980 3784 1117 3856 alterum
1133 3782 1265 3855 demum
1284 3781 1464 3854 ascendisse
1480 3779 1512 3850 in
1531 3779 1696 3859 Pleroma,
1714 3777 1763 3850 al-

193 3923 297 3980 terum
316 3922 423 3980 autem
439 3908 628 3980 remansisse
647 3933 744 4006 super
762 3909 926 3978 terrum¹².

743 4157 792 4228 lll.
823 4184 856 4229 sr
876 4184 985 4229 rrsnun
1004 4184 1075 4228 rosr
1091 4182 1155 4227 sun
1167 4160 1213 4227 ¹³:

244 4353 382 4428 Ostensa
406 4369 514 4428 autem
534 4354 703 4427 manifeste
727 4353 883 4431 Verbum,
901 4351 990 4452 quod
1010 4354 1067 4423 sin
1083 4351 1241 4452 principio
1260 4349 1414 4423 existebat
1431 4346 1519 4448 apud
1533 4347 1637 4420 Deum
1657 4360 1688 4418 et
1707 4373 1766 4446 per

193 4477 280 4576 quod
295 4477 403 4549 emnia
418 4477 501 4548 iacta
519 4489 619 4548 sunta
634 4473 789 4574 quodque
805 4502 932 4574 semper
946 4473 1057 4546 aderat
1070 4473 1180 4571 generi
1195 4470 1357 4553 humano,
1371 4471 1404 4542 in
1419 4468 1598 4542 novissimis
1614 4467 1767 4568 tempori-

194 4718 291 4774 uuoiuis
306 4717 464 4774 includimus.
483 4715 577 4771 Deinde
593 4716 628 4770 ita
639 4716 815 4790 prosequitur:
833 4724 877 4771 set
891 4733 943 4772 esse
1017 4734 1043 4789 p.
1064 4733 1108 4787 91.
1126 4714 1210 4769 Verrio
1224 4713 1299 4768 letius
1315 4714 1342 4767 in
1360 4712 1475 4788 plurimis
1491 4711 1614 4786 discrepat
1634 4729 1648 4763 a
1666 4710 1766 4782 syriaca.

197 4812 319 4866 relterum
336 4830 423 4866 eorum
439 4810 569 4885 Demiurgi
580 4817 678 4873 eutem,
693 4811 737 4884 qui
751 4810 784 4865 eit
795 4829 825 4864 ex
838 4810 943 4884 disposi-
1018 4810 1072 4849 -¹
1091 4805 1130 4861 ld
1143 4806 1246 4872 Coloss„
1260 4827 1282 4870 r,
1295 4808 1346 4861 not
1358 4805 1404 4861 llio
1413 4823 1487 4860 sacrm
1499 4803 1632 4878 Scriptum
1642 4802 1769 4858 testuevi-

197 4903 280 4959 etione
294 4905 331 4959 vel
347 4923 406 4960 euru
420 4905 547 4978 quirites
560 4903 744 4978 dereptum-¹
764 4901 861 4958 Adsere.
877 4903 942 4958 Hoer.
1017 4901 1092 4957 detur
1107 4919 1139 4956 es
1154 4899 1267 4975 pluribus
1284 4899 1411 4955 conflatus.
1425 4900 1484 4940 -¹
1498 4896 1619 4952 Aduersus
1636 4895 1702 4951 tter.
1719 4895 1768 4956 ΙΙΙ,

195 4994 244 5059 111.
254 5015 319 5060 reu,
333 4997 358 5052 6.
372 4997 412 5051 W.
426 4997 530 5070 Hamay,
545 4997 561 5050 l.
573 5016 593 5050 r.
613 4995 758 5051 immediate
772 5003 828 5070 poet
845 5013 873 5048 es
886 5013 943 5069 quse
1018 5013 1089 5058 rrrrr,
1111 4995 1135 5050 3.
1154 4995 1193 5048 W.
1207 4994 1310 5065 llerrey,
1329 4993 1345 5046 l.
1361 5011 1381 5046 e.
1396 4990 1431 5055 ll,
1446 5010 1471 5065 p.
1488 4992 1532 5064 gl.
1546 5021 1584 5032 --
1598 4992 1618 5026 ¹¹
1638 4990 1707 5046 Vers-
1724 4989 1765 5043 let.

196 5088 323 5161 posuimus
340 5089 387 5144 sub
402 5109 508 5144 numero
520 5089 571 5145 Vll.
585 5094 644 5132 -¹
664 5071 729 5144 llere.
741 5089 783 5144 lst.
804 5087 942 5142 esreeddit.
1018 5089 1150 5144 mundent.
1174 5121 1211 5130 —
1230 5091 1247 5122 ¹¹
1268 5086 1304 5142 sd
1326 5086 1432 5141 litteram
1457 5083 1608 5159 pusebsibess
1637 5101 1768 5136 commess-

196 5185 254 5222 -¹
274 5183 342 5236 llere.
357 5182 398 5236 let.
417 5202 569 5255 eeesspursrse.
580 5183 639 5224 -Λ
659 5184 725 5237 Vere.
746 5181 787 5236 let.
804 5182 882 5236 omitt
896 5183 942 5234 ssi.
1019 5201 1091 5236 essse.
1119 5215 1155 5222 -
1180 5183 1197 5215 ¹¹
1222 5181 1256 5234 ld
1284 5177 1386 5232 terbum
1409 5179 1550 5232 remansisse
1576 5177 1601 5230 ies
1624 5175 1707 5230 suedie.
1730 5207 1768 5218 -·-

196 5279 257 5316 -¹
277 5276 343 5329 Vere.
360 5275 400 5329 lat.
421 5276 544 5329 ueterrimo.
559 5280 620 5318 —¹
642 5277 707 5332 Vere.
719 5275 759 5330 lat.
778 5274 893 5348 metipso.
907 5307 943 5315 -
1020 5279 1038 5308 ¹¹
1057 5275 1176 5328 Aduersus
1200 5273 1264 5328 lloer.
1289 5273 1335 5334 ΙΙΙ.
1357 5291 1408 5338 sss,
1433 5291 1455 5326 1.
1474 5272 1513 5324 W.
1536 5271 1638 5344 llsrvey,
1655 5271 1671 5324 l.
1690 5288 1711 5323 c.
1731 5268 1767 5330 ll.

196 5373 205 5403 ¹
225 5368 344 5422 Aduersus
372 5367 436 5422 ilar.
462 5368 508 5430 tlt.
531 5388 592 5432 rur,
610 5389 635 5440 9.
653 5370 691 5422 W.
713 5369 814 5440 Hum'ey.
831 5368 847 5421 l.
867 5387 887 5421 r.
910 5367 943 5424 11.
1021 5371 1098 5440 pgb.
