4006 6098
321 551 389 618 d‘28
673 550 847 618 Pl'ltttJM
873 551 1274 620 ANTENICAENORUM
1300 555 1539 623 ANALECTA.

321 699 505 800 acquisierit
521 725 596 770 caro
611 699 678 771 bec
692 699 925 799 corruptibilis,
948 726 1085 798 regnum
1104 702 1164 774 Dei
1178 701 1343 803 possidere
1362 729 1428 775 non
1446 704 1580 804 poterit,
1597 718 1630 777 et
1647 705 1735 806 quod
1751 733 1827 779 coro
1841 707 1889 778 in·

321 821 562 921 corruptionem
577 846 642 892 non
662 819 771 892 valens
790 821 972 921 acquirere,
992 823 1149 922 quamdiu
1165 822 1290 922 aliquid
1305 821 1529 924 (corruptum)
1546 840 1692 898 remanet
1709 828 1745 898 in
1760 827 1889 900 bomine

320 955 452 1042 propter
469 940 554 1012 loeda
572 968 669 1040 opere
688 969 760 1040 quse
777 940 867 1023 lecit,
883 967 949 1012 non
960 942 1060 1038 possit
1079 969 1225 1042 unquam
1234 943 1397 1043 possidere
1410 971 1546 1042 regnum
1560 945 1635 1028 Dei,
1650 947 1727 1047 quin
1740 947 1888 1046 operibus

320 1061 538 1162 corrumpitur
552 1062 629 1133 suis,
642 1060 735 1135 Unde
750 1075 781 1135 et
799 1062 920 1134 Paulus
937 1062 1016 1134 dixit
1034 1095 1042 1134 ε
1068 1065 1128 1135 «si
1151 1065 1223 1164 quis
1241 1077 1350 1136 autem
1371 1066 1527 1165 templum
1553 1067 1613 1138 Dei
1629 1067 1809 1153 violaverit,
1827 1068 1889 1139 dis-

321 1183 459 1284 «perdet
471 1183 565 1255 illum
581 1184 727 1256 beust»
746 1183 952 1284 Quapropter
965 1197 997 1256 et
1011 1211 1085 1257 caro
1102 1197 1235 1257 vocatur
1248 1186 1347 1258 bomo
1362 1197 1466 1269 totus,
1481 1213 1590 1259 verum
1607 1187 1640 1258 in
1654 1187 1717 1260 alio
1731 1215 1840 1261 sensu.

958 1417 993 1487 ll.
1022 1445 1058 1489 rr
1076 1443 1226 1488 cosroen
1243 1448 1251 1488 :

372 1593 488 1692 ltaque
513 1591 590 1663 huic
611 1593 706 1666 verbo
733 1620 870 1666 somnes
893 1593 1195 1677 immutabimur²,o
1228 1605 1276 1666 est
1304 1595 1555 1693 consequentia;
1582 1621 1655 1668 cnm
1683 1596 1771 1669 enim
1797 1596 1887 1668 simul

321 1739 459 1784 «omnes
486 1738 707 1810 resurgemus,
732 1715 909 1787 celeremus
931 1740 990 1786 nos
1017 1713 1148 1814 propria
1174 1713 1332 1813 corporis,
1352 1728 1452 1814 prout
1475 1715 1648 1812 gessimus,
1667 1717 1731 1790 siue
1750 1717 1886 1796 bonnm,

322 1833 412 1905 «sive
431 1833 611 1906 malum³.o
631 1833 712 1905 Vere
729 1833 815 1906 enim
833 1834 988 1935 scriptum
1007 1847 1055 1906 est
1073 1865 1082 1906 ι
1106 1835 1196 1906 «Nos
1213 1833 1517 1920 immutabimur⁶3o
1537 1835 1627 1934 quod
1643 1835 1725 1907 nihil
1743 1835 1837 1909 alind
1851 1836 1887 1906 si·

320 1953 453 2050 gnificat
470 1955 532 2025 nisi
551 1952 668 2054 quod,'
680 1954 782 2052 gloria
800 1970 831 2028 et
852 1955 975 2028 honore
997 1955 1169 2039 cumulati,
1189 1955 1234 2026 ita
1252 1955 1337 2027 firmi
1357 1970 1389 2028 et
1406 1956 1505 2028 fortes
1524 1956 1697 2030 evademus
1719 1971 1756 2029 ut
1777 1983 1888 2056 corpus

322 2073 421 2172 possit
443 2073 601 2146 sustinere
618 2075 702 2146 aeris
724 2074 947 2176 splendorem,
966 2075 1121 2176 quoniam
1139 2075 1361 2175 unusquisque
1379 2075 1422 2147 ad
1439 2075 1712 2149 immortalitatem
1735 2091 1769 2149 et
1782 2073 1887 2176 (192)

320 2194 659 2294 incorruptibilitatem
680 2195 870 2268 adducetur.
893 2197 1020 2269 «Canet
1040 2195 1127 2268 enim
1149 2197 1243 2281 tuba,
1264 2197 1323 2280 ait,
1345 2210 1377 2269 ct
1393 2197 1513 2268 mortui
1529 2210 1699 2296 resurgent
1714 2197 1887 2297 incorrupti

322 2327 378 2386 cet
396 2339 456 2386 nos
470 2315 772 2388 immutabimur⁵.n
790 2314 887 2396 Quod
902 2343 1004 2387 unum
1021 2328 1055 2388 et
1067 2315 1153 2388 idern
1168 2316 1342 2415 significan
1354 2342 1488 2417 nempe,
1502 2317 1607 2417 quod,
1617 2317 1887 2416 quemadmodum

321 2435 355 2506 hi
380 2435 438 2534 qui
460 2449 629 2533 resurgent
657 2435 919 2508 immutabuntur
946 2436 1114 2510 induendo
1144 2437 1438 2536 incorruptionem,
1460 2437 1505 2508 ita
1530 2437 1644 2537 etqui
1668 2437 1887 2540 relinquentur

321 2556 383 2626 civi
405 2555 666 2627 immutabuntur
683 2555 1010 2657 incormptibilesque
1033 2557 1123 2628 fient.
1141 2556 1221 2629 lnde
1243 2583 1375 2630 noscere
1398 2571 1446 2630 est
1467 2586 1486 2630 a
1509 2556 1602 2630 nobis
1622 2585 1689 2631 non
1708 2557 1885 2660 recipiendo

322 2703 390 2749 esse
413 2703 547 2777 corpore
573 2677 636 2749 alia
656 2704 715 2778 pro
741 2677 857 2750 nostris
879 2678 1085 2777 corporibus,
1108 2677 1165 2750 sed
1187 2683 1317 2750 nostra⁶
1342 2705 1414 2779 quae
1436 2679 1582 2780 deposita
1606 2681 1697 2752 luere
1723 2681 1758 2752 in
1784 2679 1886 2781 sepul-

322 2798 394 2870 cris.
411 2797 454 2869 lis
476 2810 586 2869 autem
609 2798 666 2897 qui
691 2797 752 2869 vivi
774 2797 990 2870 remanebunt
1012 2825 1069 2870 sua
1090 2797 1319 2898 relinquentur
1341 2825 1491 2899 corpora,
1510 2799 1598 2872 unde
1616 2827 1789 2900 possumus
1812 2801 1886 2898 adji-

321 2917 436 2990 ciendo
451 2917 574 2990 dicere:
591 2917 754 3019 «Oportet
771 2919 858 2991 enirn
877 2919 1086 3020 corruptibile
1101 2920 1162 2992 hoc
1178 2919 1315 2992 induere
1330 2921 1622 3021 incorruptionem,
1634 2936 1668 2994 et
1680 2922 1819 2996 mortale
1833 2921 1886 2992 boc

322 3039 483 3112 «induere
496 3039 831 3113 immortalitatem.»
848 3040 987 3123 Quando
1006 3041 1106 3140 igitur
1119 3042 1187 3112 haec
1205 3042 1315 3113 omnia
1332 3042 1490 3143 completa
1508 3042 1646 3143 perlecto
1663 3043 1801 3128 luerint,
1817 3055 1885 3115 tunc

322 3159 432 3232 licebit
444 3160 551 3233 dicere
564 3192 572 3234 ι
587 3161 771 3262 ιΑΙιεοιρῑιι
782 3175 829 3234 est
840 3189 926 3235 mors
935 3162 970 3235 in
980 3161 1122 3235 victorie.
1136 3161 1199 3235 Ubi
1209 3177 1272 3246 est,
1285 3189 1387 3246 mors,
1399 3161 1531 3235 victorie
1546 3163 1621 3236 tue?
1637 3162 1699 3237 Ubi
1712 3175 1777 3249 est,
1789 3189 1884 3243 mors.

321 3281 497 3354 «stimulus
514 3297 590 3355 tuns
600 3283 660 3355 “ln

373 3549 412 3621 G.
440 3549 577 3622 Evidens
607 3563 655 3622 est
682 3549 858 3622 Dominum
886 3562 918 3621 et
942 3549 1140 3622 salvatorem
1173 3562 1319 3622 nostrum
1355 3550 1465 3623 lesum
1497 3552 1660 3624 Christum
1685 3551 1883 3626 immutatum

321 3669 434 3754 luisse,
454 3670 586 3770 quando
611 3671 857 3768 transfiguratus
875 3683 923 3742 est
947 3671 981 3742 in
1007 3683 1132 3754 monte,
1159 3683 1191 3742 et
1209 3683 1317 3742 tamen
1339 3698 1402 3743 non
1422 3673 1632 3772 assumpsisse
1650 3673 1739 3745 aliud
1756 3696 1883 3773 corpus,

321 3791 464 3890 corporis
479 3792 529 3863 sui
540 3790 627 3878 loco,
645 3791 701 3864 sed
714 3791 883 3864 retinuisse
898 3791 981 3863 illud
994 3792 1083 3891 qnod
1099 3819 1117 3862 a
1132 3793 1290 3890 sanguine
1307 3792 1409 3864 David
1427 3793 1589 3877 trahebat,
1601 3793 1732 3894 quando
1748 3789 1884 3865 escendit

321 3937 393 3983 cum
410 3911 586 4013 discipulis.
602 3913 666 3984 «Et
678 3911 895 4010 resplenduit,
909 3925 945 3984 ut
963 3912 1007 3984 ait
1022 3913 1207 3996 Mattbaens,
1221 3912 1318 3984 iacies
1331 3915 1401 4011 ejus
1411 3913 1493 3985 sicut
1502 3914 1567 3998 sol3
1583 3914 1772 3986 vestimenta
1784 3925 1882 3985 nuum

320 4032 415 4130 «ejus
428 4032 511 4104 lecta
529 4045 605 4105 sunt
620 4033 695 4105 olba
712 4032 795 4105 sieut
813 4032 922 4104 lux⁹.o

373 4154 411 4226 Et
429 4153 577 4253 quidem,
594 4180 661 4226 non
677 4152 782 4226 solum
800 4154 861 4225 boc
879 4153 913 4225 in
932 4165 1093 4254 ternpore,
1109 4159 1254 4226 verum¹⁰
1277 4168 1309 4228 et
1326 4169 1398 4256 post
1416 4156 1684 4229 resurrectionem
1701 4155 1882 4228 immutatus

320 4274 486 4374 apperuit3
505 4289 555 4360 ct,
571 4289 704 4375 propter
721 4274 799 4360 hoc,
818 4274 985 4375 discipuli,
1004 4275 1154 4375 spiritum
1170 4303 1189 4347 a
1206 4303 1241 4348 se
1256 4275 1356 4348 videri
1374 4275 1558 4360 credentes,
1577 4275 1669 4348 illum
1687 4301 1753 4348 non
1771 4298 1882 4373 agnos-

320 4395 447 4468 cebant.
472 4395 578 4469 Simili
601 4385 700 4493 igitnr
732 4395 829 4469 modo
855 4409 887 4468 et
911 4423 1045 4496 corpora
1077 4411 1187 4470 nostre
1214 4397 1475 4470 immutabuntur
1501 4396 1686 4480 induendo,
1711 4395 1882 4470 secundun

320 4513 465 4614 Apostoli
477 4515 617 4602 dictum,
635 4543 701 4588 non
719 4516 853 4617 quidem
874 4543 990 4617 corpus
1010 4516 1166 4603 animale,
1186 4517 1244 4589 sed
1260 4545 1377 4618 corpus
1394 4515 1583 4618 spiritale¹¹.
1601 4517 1721 4590 Notum
1739 4516 1825 4590 enim
1842 4523 1883 4584 est

318 4635 386 4721 hic,
403 4648 535 4736 propter
556 4663 668 4720 usum,
687 4665 705 4708 a
722 4637 817 4709 beato
841 4636 942 4710 Paulo
967 4639 1073 4712 vocari
1091 4639 1304 4710 mutationem
1327 4637 1416 4737 quod
1434 4636 1621 4738 simpliciter
1642 4650 1690 4709 est
1712 4636 1881 4710 diversitas.

319 4754 397 4826 Ilico
416 4769 525 4828 eutem
547 4769 705 4857 «propter
722 4784 860 4842 usumo,
883 4757 918 4830 id
935 4771 998 4843 est,
1012 4757 1168 4859 loquendi
1191 4759 1422 4857 frequentiam,
1441 4757 1518 4859 quia
1536 4771 1583 4830 est
1604 4757 1740 4830 mutatio
1759 4751 1882 4856 propria

320 4875 404 4949 alius
418 4878 552 4951 omnino
577 4879 722 4976 generis,
739 4905 811 4980 qna.
836 4892 1012 4979 usurpetur
1029 4881 1063 4951 in
1084 4879 1197 4978 liguris
1216 4891 1249 4952 et
1265 4879 1443 4980 parabolis,
1464 4905 1601 4979 quaeque
1623 4878 1721 4950 etism
1737 4877 1883 4950 laudatur

358 5133 366 5164 ¹
387 5130 396 5184 l
414 5127 453 5184 Ad
470 5128 618 5196 Codntbiom
635 5150 677 5195 ιιι,
699 5149 742 5204 ¹7.
759 5163 797 5172 —
812 5133 822 5166 ¹
839 5127 899 5186 ldid.
915 5148 951 5193 ιι,
971 5131 1015 5184 5ι.
1027 5161 1065 5169 -
1142 5127 1287 5195 Corinthios,
1300 5149 1336 5194 ιι,
1351 5129 1465 5184 53.-·
1480 5127 1541 5182 Ibid.
1556 5129 1600 5183 ot.
1612 5161 1651 5169 -
1664 5131 1674 5162 '
1687 5126 1774 5184 Most
1788 5145 1847 5188 ινιι,
1860 5141 1879 5176 ¹·

319 5223 330 5256 ⁸
349 5219 426 5278 11At
441 5222 587 5288 Gmr'stbioo,
604 5241 627 5288 t,
646 5243 689 5280 co.
703 5257 742 5266 —
759 5226 770 5259 ⁴
789 5222 852 5279 lAd
867 5221 1013 5288 Corinthiun
1028 5243 1064 5287 ιι,
1140 5220 1209 5276 Sicut
1219 5222 1376 5276 nia—¹⁰8
1393 5222 1473 5277 omitt.
1486 5223 1675 5298 ccam-‘¹¹1
1692 5219 1730 5276 Ad
1743 5218 1880 5277 cedatne

321 5313 365 5366 bs.
382 5345 420 5355 —
439 5319 449 5348 ³
467 5313 527 5371 ibid.
547 5347 584 5357 —
606 5320 616 5349 ⁸
635 5318 654 5372 G
674 5317 717 5372 itta
736 5317 788 5372 loco
808 5329 897 5372 metro.
918 5351 954 5358 -
974 5317 1008 5370 'l
1028 5315 1067 5370 dd
1142 5334 1178 5380 ιι,
1194 5317 1238 5370 dl.
