3990 6092
251 583 317 650 ‘rm
602 583 774 650 Parnon
803 583 1199 650 ANTENICAENORUM
1231 583 1468 653 arannem.

250 747 347 834 taque
372 745 543 833 quaterent
560 733 688 814 ambos,
710 734 783 832 qui,
805 745 959 832 tanquam
978 733 1165 805 innocentes
1183 735 1330 834 mutique
1354 737 1444 833 agni,
1470 733 1585 808 talibus
1608 733 1641 808 in
1662 740 1820 836 angustiis

250 854 488 926 remanebant?
506 854 608 937 Quis¹
628 852 768 954 (absque
786 853 951 956 lacrymis)
965 881 1095 926 cernere
1111 869 1219 956 posset
1235 857 1405 928 unanimes
1420 857 1494 928 illos
1508 857 1620 930 tratres
1638 859 1701 932 sibi
1712 861 1754 932 ad
1772 862 1821 932 in-

251 976 348 1047 vicem
366 1003 477 1076 pacem
498 975 610 1047 dantes
628 974 753 1057 ssendo,
776 974 1053 1075 valedicentesque
1073 975 1211 1048 altarum
1230 977 1337 1060 alteri,
1357 1005 1442 1050 unus
1460 992 1497 1049 ut
1515 979 1558 1050 ad
1575 1006 1718 1063 crucem,
1738 981 1822 1054 alter

251 1112 285 1169 ut
301 1097 341 1168 ad
357 1096 604 1170 decollationem
620 1098 693 1169 cat?
709 1097 812 1180 Quale
831 1124 886 1169 cor
899 1125 964 1170 non
978 1095 1237 1182 conturbaretur,
1252 1126 1325 1170 cum
1341 1099 1462 1172 Paulus
1475 1100 1517 1171 ad
1532 1099 1664 1172 Petrum
1679 1099 1819 1172 diceret:

250 1217 362 1290 ellade
383 1219 417 1290 in
434 1246 530 1319 pace,
549 1218 703 1290 exaltator
721 1219 914 1290 Ecclesiae?a
934 1218 1040 1290 Mirati
1056 1231 1131 1290 sunt
1146 1218 1216 1291 coeli
1235 1246 1332 1319 super
1348 1220 1439 1304 illos,
1456 1221 1656 1320 attonitaque
1672 1236 1719 1294 est
1736 1235 1821 1294 terra

251 1367 322 1410 cum
343 1340 465 1440 recepit
482 1339 674 1436 sanguinem
687 1341 862 1438 justorum.

301 1498 337 1568 V.
367 1499 463 1570 Estne
489 1497 606 1599 aliquis
631 1499 688 1597 qui
705 1525 797 1569 sarco
823 1497 918 1570 corde
941 1498 1040 1598 possit
1064 1497 1276 1597 contemplari
1298 1498 1429 1570 Petrum
1453 1501 1539 1572 cruci
1565 1501 1667 1599 eapite
1695 1500 1820 1572 inverso

249 1645 459 1718 suspensum,
481 1618 703 1719 lacrymasque
726 1645 791 1690 non
815 1618 975 1691 fundere?
997 1619 1110 1690 Nonne
1133 1617 1389 1691 venerandorum
1413 1647 1526 1691 senum
1553 1647 1690 1718 agonem
1713 1619 1821 1718 angeli

249 1740 357 1811 mirati
374 1740 471 1812 sunt?
485 1739 569 1838 Ego,
587 1739 686 1812 frater
696 1740 756 1824 mi,
776 1767 840 1812 non
858 1739 990 1812 aderam
1006 1739 1092 1811 Petri
1104 1739 1246 1839 passioni
1256 1744 1281 1822 ²,
1299 1766 1373 1811 nam
1386 1739 1523 1812 Paulum
1537 1753 1663 1813 secutus
1678 1741 1819 1824 lucram,

250 1889 355 1960 neque
371 1860 466 1933 ambo
491 1861 610 1932 inuno
629 1859 808 1962 eodemque
830 1861 900 1933 loco
925 1859 1068 1932 defuncti
1087 1873 1176 1932 sunt.
1200 1861 1273 1932 Heu
1291 1861 1388 1933 mihil
1407 1887 1505 1962 quam
1527 1889 1636 1934 amara
1659 1861 1722 1933 luit
1740 1862 1821 1934 hora

249 1983 304 2054 illa
322 2009 403 2083 qua,
419 1982 520 2054 Paulo
534 1983 653 2055 collum
667 1983 834 2055 demittere
850 1983 910 2054 sub
921 2009 996 2054 ense
1013 1982 1219 2082 praecipiente
1230 1983 1395 2066 carnifice,
1407 1982 1528 2055 Paulus
1542 1982 1687 2082 gladium
1698 1983 1822 2055 mican-

251 2119 314 2176 tem
335 2104 460 2189 ridens,
489 2102 637 2202 lacrymis
658 2105 766 2176 ellusis
788 2118 962 2206 sanctaque
984 2103 1064 2176 facie
1081 2103 1174 2199 signo
1196 2103 1366 2176 Dominico
1382 2109 1396 2148 ³
1413 2105 1553 2202 signata,
1577 2103 1693 2176 coelum
1712 2104 1822 2203 suspi-

251 2226 352 2308 ciens,
368 2239 482 2324 sponte
496 2239 592 2324 atque
610 2225 749 2297 libenter
766 2237 913 2296 sanctum
932 2238 1026 2324 caput
1042 2223 1170 2297 demisit
1182 2222 1452 2326 [supremumque
1463 2251 1576 2325 passus
1591 2238 1638 2296 est
1651 2223 1784 2325 vulnus]
1795 2229 1820 2296 ⁶.

252 2345 339 2417 Eheu
355 2347 362 2416 1
383 2373 480 2445 quam
499 2343 672 2418 dellenda⁵
689 2346 751 2417 luit
765 2343 844 2417 bora
863 2374 927 2448 qua
949 2346 983 2416 in
1002 2344 1159 2444 sanguine
1177 2345 1355 2419 volutatum
1376 2346 1437 2419 luit
1453 2345 1590 2446 apostoli
1607 2348 1738 2447 corpus?

304 2515 388 2586 Vllss.
413 2513 603 2587 OPatermi
620 2514 812 2614 spiritualis,
826 2514 882 2586 tali
893 2529 995 2587 morte
1011 2541 1076 2586 non
1089 2541 1159 2587 eras
1176 2513 1306 2612 dignus.
1318 2513 1370 2585 Vae
1383 2514 1465 2586 mihi
1481 2514 1636 2614 quoniam
1648 2543 1699 2588 me
1715 2514 1821 2588 solum

251 2636 424 2736 reliquisti!
435 2636 508 2719 Quo
519 2636 594 2707 ibo?
603 2635 675 2718 Quo
689 2662 830 2735 queram
845 2648 890 2720 te,
903 2663 921 2708 o
933 2634 1190 2707 Christianorum
1202 2635 1304 2732 gloria
1314 2634 1590 2734 Ethnicorumque
1600 2636 1822 2709 illuminator?

252 2757 332 2841 Quis
349 2756 548 2856 spiritualem
568 2754 713 2828 cohibuit
727 2781 838 2828 vocem
854 2769 957 2841 tuam,
970 2783 1034 2856 qua
1053 2755 1159 2827 divina
1180 2755 1329 2854 agmina⁷
1343 2754 1477 2855 regebas
1495 2769 1526 2828 et
1541 2756 1756 2858 disponebas?
1771 2756 1822 2828 Ad

252 2905 349 2979 quem
365 2877 598 2977 discipulomm
613 2890 743 2948 tuorum
759 2877 830 2972 ibe,
850 2904 868 2948 o
882 2878 968 2974 juste
989 2890 1021 2949 et
1037 2903 1109 2948 vere
1126 2875 1260 2949 doctor?
1277 2876 1365 2962 Ouid
1381 2878 1421 2950 de
1434 2891 1465 2950 te
1479 2878 1524 2948 eis
1538 2877 1722 2950 enarrabo?
1736 2878 1825 2950 'lene

251 3026 319 3071 esse
339 2999 372 3070 in
396 3025 521 3070 carcere
539 3012 596 3070 aut
612 2997 645 3070 in
664 2997 799 3070 vinculis
815 2997 944 3070 dicam?
965 2999 1149 3082 Quemnam
1164 3025 1277 3070 eorum
1299 2996 1340 3070 ad
1358 3011 1388 3070 te
1412 2998 1561 3070 mittam?
1584 2998 1690 3081 Quem
1710 3025 1825 3070 eorum

251 3120 420 3219 postulas?
434 3119 506 3191 Jam
523 3119 685 3192 neminem
703 3117 887 3222 (requiris).
907 3117 934 3190 0
953 3119 1079 3192 vincula
1098 3119 1217 3218 quihus
1232 3118 1325 3190 annis
1341 3117 1468 3190 duobus
1485 3118 1692 3218 lerosolymis
1706 3119 1825 3217 ligatus

252 3269 301 3325 es,
321 3241 504 3341 quibusque
522 3241 631 3312 Romae
648 3240 804 3313 liberatus
824 3242 874 3312 es!
898 3239 1089 3313 Absalonem
1107 3237 1258 3312 deflendo
1277 3239 1379 3311 David
1395 3239 1501 3312 aiebat
1520 3270 1528 3310 ι
1548 3239 1625 3310 «Vae
1645 3239 1740 3324 mihi,
1760 3239 1824 3321 fili,

252 3391 322 3435 avae
338 3363 418 3435 mibi
431 3364 491 3433 ⁸la
507 3362 598 3434 Nunc
616 3376 723 3433 autem
738 3360 930 3462 (dicendum
950 3361 1030 3433 mihi
1047 3361 1144 3433 etiam
1159 3359 1246 3462 estl:
1268 3360 1345 3431 allae
1363 3359 1458 3444 mihi,
1474 3373 1651 3462 preceptor
1667 3361 1726 3444 mi,
1740 3387 1826 3461 quo-

254 3485 366 3556 sniam
384 3483 571 3556 vulneribus
593 3483 673 3555 meis
691 3509 756 3555 uon
779 3497 826 3554 est
847 3482 1043 3567 remedium,
1064 3508 1169 3582 neque
1193 3480 1478 3554 lamentationibus
1501 3482 1580 3553 meis
1605 3481 1825 3554 consolatiols

253 3607 399 3678 Viventes
415 3603 632 3705 spectaculum
644 3604 720 3676 lacti
732 3604 822 3687 estis,
834 3617 866 3675 ct
883 3616 991 3673 temen
1008 3614 1231 3701 postmortem
1245 3615 1380 3674 vestram
1395 3629 1529 3703 corpora
1541 3618 1643 3675 vestra
1655 3603 1732 3675 feris
1748 3631 1828 3702 pro-

249 3729 334 3825 jecta
349 3725 441 3798 sunt?
458 3727 544 3810 Quot
561 3724 741 3798 sacerdotes
759 3722 908 3822 epistolas
919 3735 1037 3793 rostras
1055 3723 1254 3820 exspectant!
1275 3720 1381 3822 [Quot
1398 3723 1537 3795 ecclesie
1552 3738 1686 3796 vestram
1705 3723 1826 3823 praedi-

254 3849 411 3921 cationem
427 3843 664 3944 desiderant⁰l]
675 3843 779 3915 Hodie
795 3843 1013 3914 Romenomm
1023 3841 1081 3914 vie
1095 3842 1290 3914 deseruntur
1299 3842 1341 3914 ab
1354 3843 1393 3914 iis
1407 3843 1464 3942 qui
1473 3870 1528 3916 ros
1542 3844 1714 3917 salutaturi
1720 3843 1828 3917 venie-

252 3969 348 4042 bant?
370 3967 473 4040 Hodie
489 3965 638 4064 discipuli
656 3964 703 4037 tui
722 3963 858 4062 orphani
874 3963 948 4034 lacti
965 3965 1061 4035 sunt?
1082 3963 1163 4046 Quis
1184 3962 1282 4036 iratos
1303 3990 1414 4062 pacem
1431 3991 1526 4061 agere
1544 3963 1656 4066 (253)
1674 3964 1827 4038 docebit?

254 4091 334 4173 Quis
357 4088 451 4160 nobis
463 4091 488 4132 ¹⁰
509 4087 659 4185 deinceps
684 4098 810 4156 sanctos
830 4083 943 4156 Libros
964 4084 1254 4184 interpretabitur?
1270 4085 1360 4156 Nunc
1386 4083 1525 4184 amplius
1548 4084 1713 4157 dicemus:
1735 4086 1827 4157 aVe-

254 4211 336 4288 nite,
356 4233 467 4280 eamus
489 4205 529 4276 ad
548 4206 686 4278 Paulum
704 4219 736 4277 et
752 4204 937 4306 explanabit
954 4205 1047 4277 nobis
1064 4205 1283 4305 Scripturass
1302 4204 1390 4288 Quid
1407 4229 1494 4276 nunc
1508 4229 1640 4302 egemus
1655 4201 1828 4302 Prophetis

141 4359 147 4379 ·
253 4347 355 4428 quum
371 4353 435 4398 non
455 4327 562 4400 adsint
579 4327 634 4426 qui
646 4326 881 4427 Prophetarum
898 4327 1014 4426 scripta
1026 4326 1230 4426 interpretari
1244 4325 1392 4398 valeant?
1410 4325 1547 4398 Cuinam
1565 4323 1739 4423 discipulos
1752 4336 1825 4396 tuos

253 4445 430 4530 credidisti,
450 4473 469 4518 o
492 4446 604 4519 doctor
622 4447 787 4520 veritatis?
806 4449 902 4519 Beata
923 4447 1024 4520 Roma
1040 4475 1112 4549 quae
1128 4445 1275 4519 maximis
1294 4446 1388 4518 donis
1405 4445 1504 4544 digua
1523 4445 1636 4518 habita
1655 4447 1719 4518 estl
1743 4445 1827 4518 Vere

253 4592 378 4639 sorores
387 4581 463 4640 sunt
474 4567 653 4640 Jerusalem
669 4583 701 4640 et
714 4569 832 4653 Roma,
848 4569 1003 4668 quoniam
1017 4568 1073 4640 illa
1085 4567 1202 4641 occidit
1217 4567 1380 4640 Christum
1394 4582 1425 4640 et
1435 4567 1503 4640 haec
1516 4568 1632 4640 occidit
1643 4565 1823 4667 apostolos?

252 4689 313 4762 llla
330 4687 443 4761 adorat
459 4689 653 4761 Crucifirum
670 4688 783 4762 etheo
799 4689 940 4762 celebrat
956 4687 1127 4789 apostolos.

304 4847 387 4919 Vlll.
418 4846 591 4920 Olratresl
608 4875 762 4946 magnum
783 4847 851 4918 vidi
872 4846 1089 4948 spectaculum
1111 4846 1164 4919 die
1189 4840 1253 4947 qua
1279 4845 1381 4921 sancti
1400 4847 1543 4922 debincti
1566 4856 1652 4920 sunt.
1676 4845 1744 4944 Ego
1769 4869 1824 4916 eos

253 4969 318 5040 vidi
341 4969 418 5040 dum
440 4969 481 5040 ab
501 4969 636 5040 invicem
655 4982 892 5068 separarentur,
911 4981 943 5039 et
961 4969 1075 5052 ctiam,
1091 4982 1330 5068 postmortem,
1349 4970 1414 5043 vidi
1431 4997 1486 5043 eos
1501 4969 1672 5041 redeuntes
1685 4968 1822 5065 januam

291 5177 298 5206 ¹
319 5175 338 5227 B
351 5173 431 5227 omitt.
444 5177 501 5214 -¹
522 5173 634 5228 nomia
646 5173 761 5245 parsioni.
773 5175 832 5214 -⁸
852 5175 870 5227 Α
884 5172 1000 5246 sigillavit
1075 5181 1129 5228 tum
1147 5173 1265 5230 rarsioms
1289 5175 1395 5246 syriace.
1413 5173 1471 5214 -⁷
1491 5171 1510 5226 B
1528 5171 1631 5226 orditus.
1645 5173 1705 5211 -⁸
1724 5170 1746 5224 ll
1764 5167 1825 5242 llry.

246 5266 345 5336 sucum.
356 5297 394 5306 -
408 5267 418 5300 ⁶
438 5267 458 5320 B
473 5267 552 5320 omitt.
568 5271 627 5308 -⁵
645 5267 736 5340 Aquis
750 5265 865 5339 deflendo.
875 5270 935 5308 -⁸
953 5265 1001 5322 llic
1075 5287 1128 5330 ιιι,
1140 5267 1166 5322 la.
1178 5270 1237 5310 -—’
1256 5267 1364 5324 lomitt.
1377 5299 1414 5306 -
1428 5270 1446 5300 ¹⁰
1464 5265 1577 5319 domitta
1590 5263 1663 5318 nobie.

254 5357 344 5411 iterum
357 5359 438 5413 versio
451 5377 552 5414 armena
565 5361 657 5414 omittit
668 5360 792 5433 integrum
806 5378 940 5415 numerum
949 5378 1000 5414 sax-
