4006 6098
243 512 313 602 ¹⁰¹¹
594 512 768 582 PATRUM
800 511 1203 582 ANTENICAENORUM
1234 515 1468 582 toncourt.

245 663 400 764 presepio
418 687 485 737 uon
503 661 597 736 aliter
611 690 647 736 oc
666 690 766 764 super
782 663 959 736 Cherubim
974 663 1204 765 requiescebat.
1219 665 1369 737 Thronus
1384 689 1494 738 revera
1510 679 1542 737 et
1556 665 1609 736 hic
1626 665 1820 740 cherubicus

245 798 278 856 et
293 784 399 856 solum
413 797 560 856 sanctum
575 797 759 857 sanctorum
775 785 809 856 in
829 799 930 869 terra,
945 784 1002 857 uhi
1015 786 1173 885 requievit
1190 785 1335 858 Christus
1356 787 1445 857 Deus
1463 798 1583 858 noster.
1599 785 1708 886 lpsum
1727 789 1820 860 decet

244 905 348 1003 gioria
366 932 439 977 cum
455 905 550 978 Patre
568 919 689 978 etcum
707 906 826 979 Sancto
843 907 986 1006 Spiritu,
1006 931 1092 978 nunc
1111 921 1158 990 et,
1178 920 1238 978 etc.

1007 1228 1055 1302 IV

767 1398 872 1463 Ltus
893 1400 1056 1464 SANCTAE
1076 1399 1291 1466 DEIPARAE¹.

297 1546 321 1617 l.
346 1542 473 1628 Omnes
491 1545 674 1618 festivitates
692 1545 967 1645 hymnodiamque,
985 1545 1219 1618 sacrificiorum
1238 1547 1352 1633 instar,
1364 1549 1431 1620 Deo
1450 1547 1566 1622 offerre
1584 1562 1732 1649 oportet:
1751 1552 1817 1652 pri-

244 1693 335 1739 mum
358 1680 466 1740 eutem
488 1666 635 1739 omnium
663 1680 780 1738 senctae
803 1666 863 1738 Dei
892 1666 1062 1739 Genitricis
1086 1669 1374 1741 annuntiationem
1398 1669 1502 1754 sbve,
1529 1671 1633 1768 gratia
1657 1671 1815 1770 pleua¹,o

244 1816 317 1889 quae
335 1788 467 1888 quidem
483 1787 525 1859 ab
544 1787 744 1885 Archangclo
761 1787 844 1859 iacta
862 1792 948 1862 esu.
964 1843 973 1862 .
990 1845 1000 1862 .
1018 1789 1058 1862 Et
1076 1789 1231 1888 quoniam
1248 1803 1358 1862 sancta
1377 1789 1479 1863 Maria
1501 1790 1535 1863 iu
1557 1818 1690 1892 corpore
1709 1792 1817 1866 vivens

242 1922 422 1982 servaverat
438 1910 658 2008 incorruptam
676 1908 772 1980 vitam
783 1913 808 1994 ¹,
827 1909 915 1980 omni
934 1909 1088 1981 virtutum
1106 1915 1249 2008 genere⁵
1266 1911 1421 2011 purisque
1439 1911 1584 1983 moribus
1606 1912 1814 1997 adornatam,

243 2030 303 2102 Dei
323 2029 429 2102 Verbo
445 2056 563 2130 corpus
585 2056 748 2100 assumere
770 2029 970 2129 homineque
988 2030 1131 2130 perfecto
1156 2029 1228 2102 [ieri
1247 2031 1389 2115 volente,
1409 2031 1478 2130 ipsa
1506 2031 1605 2128 digna
1630 2031 1741 2105 hahita
1768 2048 1816 2106 est

242 2149 325 2222 illud
338 2150 515 2250 suscipere,
528 2163 564 2223 ut
576 2177 635 2250 per
645 2149 733 2250 quod
748 2162 939 2251 «peccatum
954 2150 988 2222 in
1002 2151 1162 2223 muudum
1177 2151 1353 2224 intraverat
1367 2165 1399 2224 ct
1410 2178 1470 2252 per
1482 2167 1651 2253 peccatum
1664 2159 1813 2237 mors⁶n,

242 2298 301 2372 per
317 2271 405 2344 idem
421 2298 536 2372 corpus
557 2286 724 2372 peccatum
747 2270 1019 2344 condemnaretur
1041 2272 1076 2344 in
1099 2298 1249 2372 corpore,
1266 2279 1458 2373 peccatum¹
1476 2273 1656 2346 vinceretur
1672 2301 1691 2346 a
1710 2275 1815 2346 salva-

242 2406 328 2477 tore,
346 2393 448 2466 sancti
465 2392 630 2492 sepulture
647 2393 791 2492 corporis
806 2393 936 2465 initium
954 2393 1197 2466 resurrectionis
1212 2393 1436 2468 ostenderetur
1444 2398 1468 2480 ⁸,
1482 2421 1607 2497 parque
1624 2397 1716 2470 fieret
1730 2396 1814 2469 inter

243 2513 348 2585 Deum
364 2527 396 2586 et
410 2512 570 2586 homines.

293 2688 335 2761 ll.
362 2688 403 2761 Et
424 2715 512 2762 nunc
533 2689 614 2791 quid
633 2687 738 2761 dicam
762 2688 880 2790 quidve
898 2686 1077 2789 eloquar¹i
1095 2687 1176 2774 Quis
1198 2689 1295 2762 etiam
1313 2691 1432 2790 poterit
1448 2717 1599 2765 enarrare
1623 2694 1810 2793 mysterium

241 2810 420 2884 intellectui
440 2811 652 2911 impervium?
667 2809 841 2883 Veniamus
864 2810 964 2910 igitur
993 2809 1035 2882 ad
1057 2836 1126 2883 rem
1149 2810 1243 2882 nohis
1267 2812 1466 2912 propositam
1483 2812 1604 2915 (151).
1623 2815 1672 2888 Ad
1693 2831 1811 2889 castam

241 2931 399 3030 virginem
420 2931 559 3003 mittitur
576 2931 722 3018 Gabriel,
741 2931 951 3033 incorporeus
974 2931 1015 3004 ad
1032 2959 1104 3004 eam
1126 2959 1199 3032 ques
1217 2932 1251 3004 in
1269 2959 1403 3033 corpore
1422 2961 1554 3034 puram,
1573 2936 1810 3037 incorruptam,

240 3053 357 3125 virtute
370 3052 532 3127 conditam
548 3052 686 3152 degebat
697 3053 811 3138 vitam,
824 3067 921 3154 atque
936 3053 1092 3126 accedens
1105 3053 1147 3124 ad
1159 3079 1230 3125 eam
1246 3053 1277 3126 ei
1290 3053 1387 3127 dicit:
1402 3055 1507 3140 «Ave,
1519 3056 1623 3152 gratia
1635 3057 1732 3157 plena
1742 3060 1810 3146 ¹⁰!,o

293 3176 397 3258 «Ave,
414 3174 517 3274 gratie
528 3173 666 3274 plenam
683 3176 760 3275 quia
777 3201 887 3246 revera
901 3174 1022 3273 gaudio
1035 3173 1131 3272 digna
1145 3175 1288 3274 peragis,
1307 3176 1482 3274 quonium,
1498 3177 1738 3251 immaculatam
1756 3192 1811 3251 tu-

240 3296 347 3369 nicam
358 3321 489 3394 gerens,
504 3295 602 3368 vitum
612 3298 636 3339 ¹¹
653 3294 818 3395 sapientiae
832 3294 1031 3395 coelestisque
1044 3294 1156 3393 gaudii
1167 3321 1318 3395 capacem
1332 3296 1423 3368 vivis!
1440 3297 1543 3382 «Ave,
1554 3298 1658 3397 gratia
1670 3300 1809 3399 plenas,

239 3417 335 3517 quio,
353 3444 411 3517 per
433 3430 480 3502 te,
502 3417 658 3514 goudium
684 3415 835 3488 omnibus
858 3417 1063 3517 dispensatur
1086 3417 1257 3504 creaturis,
1277 3416 1515 3518 hominumque
1543 3447 1646 3518 genus
1666 3421 1808 3520 priscum

239 3551 408 3638 recuperat
423 3537 597 3611 honorem!
617 3536 722 3624 «Ave,
743 3537 847 3636 gratia
864 3536 1004 3637 plenas,
1023 3536 1101 3637 quia
1119 3536 1182 3608 tuis
1198 3538 1231 3608 in
1245 3517 1332 3610 ulnis
1344 3539 1415 3640 jam
1430 3540 1605 3636 gestandus
1620 3555 1668 3614 est
1684 3554 1810 3614 creator

237 3657 401 3730 omnium!

291 3834 347 3908 lli.
375 3834 448 3936 Ipsa
472 3847 579 3907 autem
600 3835 689 3933 virgo
712 3833 762 3906 his
784 3833 914 3906 turbata
933 3833 1037 3907 verbis
1056 3849 1120 3920 est,
1141 3834 1296 3938 quoniam
1320 3861 1392 3908 eum
1420 3833 1607 3909 hominihus
1626 3836 1714 3938 loqui
1740 3863 1807 3909 non

239 3969 438 4040 assueverat,
449 3955 681 4056 silentiumque
694 3967 820 4056 petrem
829 3958 856 4000 ¹¹
869 3955 1074 4028 continentie
1089 3981 1126 4027 ac
1139 3955 1291 4028 castitatis
1308 3955 1479 4057 reputabat
1487 3961 1522 4028 ¹¹.
1536 3955 1591 4040 At,
1606 3983 1679 4029 cum
1692 3983 1807 4058 puram

275 4171 284 4204 ¹
303 4169 385 4244 ltujrs
403 4177 429 4225 et
443 4168 572 4244 sequentis
586 4166 695 4223 humilive
713 4165 874 4243 smhetypum
894 4174 987 4224 textum

236 4280 317 4338 grece
326 4263 448 4319 hebernus
458 4264 484 4317 iu
493 4261 583 4317 Porci.
600 4259 643 4316 Gr.
656 4261 691 4326 X,
702 4260 746 4316 ool.
766 4261 845 4316 1156.
857 4261 909 4316 Etsi
923 4261 989 4321 iuter

236 4375 346 4432 graeurm
363 4364 389 4412 et
402 4375 532 4412 nrmeuum
549 4353 699 4429 quandoque
709 4352 929 4429 deprehendentur
944 4373 988 4410 vs·

237 4450 495 4523 deiectionemque
514 4447 619 4524 prodere
636 4447 751 4504 videntur
764 4467 872 4523 gruum
892 4455 986 4504 tortum

236 4563 290 4600 esse
311 4545 448 4600 versionem
469 4549 549 4597 textus
568 4541 677 4606 armeni,
699 4548 727 4596 ut
745 4540 855 4597 diximus
872 4540 900 4596 in
922 4542 987 4598 notis

235 4655 339 4692 enneno
355 4636 431 4690 textui
447 4633 565 4708 subjectis
581 4635 664 4712 (perte
679 4633 704 4699 1.
713 4653 739 4708 p.
756 4636 808 4690 150
821 4636 935 4709 etseq.);
947 4641 985 4690 ut-

236 4738 333 4793 trmeu,
347 4747 374 4784 re
385 4729 653 4803 maturiusperpense,
663 4735 751 4802 etque,
762 4726 794 4783 de
803 4727 878 4783 verbo
888 4727 918 4783 sd
928 4747 985 4784 veo-

235 4822 296 4878 bum
308 4821 437 4896 utriusque
448 4821 560 4878 lectionis
573 4819 703 4877 ooitstione
714 4820 791 4885 iacta,
804 4820 983 4876 mtroctendam

234 4935 422 4974 emeceosemus
431 4917 539 4990 priorem
550 4923 660 4970 nostram
671 4915 983 4988 opinionem-Exceptis

234 5011 329 5068 hornis
343 5011 409 5066 inire
423 5006 574 5073 indicendis,
587 5026 687 5064 ennena
701 5009 772 5063 tectio
786 5027 872 5084 grece
886 5007 982 5063 lectioni

233 5113 352 5160 consonet
366 5103 449 5178 quood
462 5121 575 5167 mosum,
591 5102 617 5156 io
630 5101 715 5156 multis
729 5107 812 5155 tamen
825 5108 851 5156 et
863 5119 935 5175 pene
943 5101 983 5155 in-

234 5197 312 5252 finitis
325 5197 433 5261 mribus,
446 5197 492 5254 iste
505 5195 538 5251 ab
550 5195 592 5250 uo
604 5192 781 5270 discrepnt-
789 5197 799 5229 ²
808 5191 846 5249 dd
856 5193 981 5249 litterum:

234 5289 327 5345 Lnrsrs
337 5289 465 5362 gaudioso.
476 5289 604 5362 vulgatum
614 5296 696 5343 umen
706 5288 772 5362 epod
784 5288 881 5344 mune
891 5289 982 5344 versio-

1063 4187 1121 4224 nem
1130 4166 1224 4244 ubique
1237 4187 1393 4244 usurpemus
1406 4169 1542 4226 Hoessmel
1550 4169 1682 4227 advertiaee
1695 4169 1809 4225 sufficiat

1062 4294 1100 4303 -
1117 4265 1128 4297 ¹
1143 4262 1244 4318 Punctis
1255 4263 1393 4318 iudicemus
1411 4263 1524 4330 hcuoss,
1537 4282 1599 4338 ques
1614 4261 1715 4319 exhibet
1728 4270 1809 4318 textus

1061 4374 1178 4411 ermenus
1196 4374 1253 4411 rum
1272 4375 1351 4432 graero
1371 4356 1479 4412 sotiatus.
1493 4389 1531 4400 --
1544 4359 1554 4392 ¹
1569 4357 1653 4412 Graece
1666 4358 1807 4412 sebastae.

1060 4479 1099 4490 —
1114 4453 1124 4484 ¹
1139 4449 1225 4506 Grues
1239 4450 1313 4525 puolo
1326 4450 1399 4506 utitor
1412 4449 1502 4506 behet:
1520 4453 1560 4504 sei
1576 4449 1688 4521 βιώσασα
1705 4457 1807 4523 xpsv'ros

1061 4545 1088 4604 ἡ·
1098 4545 1161 4597 used
1183 4541 1322 4619 ἄνθρωπον.
1347 4575 1384 4584 -
1406 4547 1416 4578 ¹
1440 4543 1480 4598 Ad
1502 4543 1632 4610 Romanos,
1656 4563 1679 4608 v,
1706 4562 1747 4598 re.
1769 4575 1807 4584 -

1060 4638 1070 4670 ⁷
1081 4635 1158 4691 Aliter
1166 4654 1263 4711 grece:
1276 4639 1317 4690 καὶ
1330 4636 1420 4709 νικηθῇ
1433 4639 1448 4690 ὁ
1463 4645 1511 4698 τῆς
1524 4638 1642 4712 dpspss'es
1655 4636 1805 4712 vrrpsodrts.

1060 4761 1097 4770 —
1113 4733 1124 4764 ³
1142 4729 1189 4784 Hic
1209 4727 1310 4784 additur
1326 4731 1352 4784 in
1368 4749 1447 4805 prees
1466 4729 1596 4786 editione:
1614 4740 1638 4785 st
1651 4731 1701 4786 situ
1716 4741 1806 4786 eume

1059 4823 1085 4876 ivs
1100 4821 1190 4877 mendo
1206 4833 1322 4888 versetis,
1338 4843 1368 4878 uc
1384 4823 1431 4879 Dei
1448 4822 1530 4878 Petris
1549 4842 1604 4878 curs
1618 4821 1749 4878 mdo
1765 4841 1805 4877 so-

1059 4916 1131 4970 cietas
1150 4915 1317 4970 emundetur.
1338 4947 1376 4957 -
1394 4919 1404 4950 ¹
1423 4917 1508 4973 Gracc
1529 4916 1620 4972 ahter:
1640 4917 1656 4977 b
1672 4918 1697 4969 st
1715 4935 1804 4991 vspe-

1059 5009 1191 5078 tstsospss.
1217 5041 1254 5051 —
1276 5011 1295 5044 ¹⁰
1314 5010 1415 5065 Grecos
1435 5009 1505 5066 uddit
1527 5009 1641 5063 Domum
1660 5020 1744 5064 uersu
1766 5041 1803 5049 -

1059 5105 1076 5136 ¹¹
1092 5103 1176 5158 Grues
1188 5106 1234 5162 nis
1245 5101 1326 5164 ζώνην
1336 5112 1381 5164 sv'vs
1389 5104 1565 5178 σωφροσύνης.
1575 5103 1698 5158 Armenus
1706 5101 1803 5158 videtur

1058 5195 1147 5270 legisse
1158 5199 1205 5256 nis
1221 5193 1293 5259 ζόην.
1307 5227 1346 5238 -
1359 5201 1377 5232 ¹¹
1391 5196 1427 5253 Ad
1440 5197 1547 5253 litterum
1561 5207 1660 5252 mmm
1675 5227 1713 5238 -
1727 5199 1745 5230 ¹¹
1758 5195 1800 5250 Gr.

1056 5287 1193 5350 ἠσπάζετο.
1253 5345 1256 5352 ,
