4006 6098
238 503 304 570 388
579 497 752 566 Putabat
783 495 1184 566 ANTENICAENORUM
1213 497 1449 568 thlLECTtl.

177 641 181 650 ’
237 651 412 724 mulierum
438 651 540 722 laetus
569 661 618 722 est
645 648 821 745 gaudium,
839 647 1044 747 virginesque
1069 646 1233 746 Virginem
1263 647 1444 731 celebrant,
1459 647 1616 748 quoniam
1640 648 1804 748 virginitas

235 800 295 872 per
318 769 668 844 cambenedictionem
691 769 827 868 recepit,
850 767 1028 868 dicuntque
1052 767 1160 840 Mariae
1185 769 1339 842 mirantes
1362 799 1370 840 ε
1393 769 1512 842 «Unde
1533 769 1594 842 tihi
1616 768 1667 844 lac
1691 787 1804 873 sponte

235 892 393 976 «saliens,
413 891 470 962 tibi
490 917 561 990 quae
579 889 730 986 virgineis
753 890 906 990 ultroque
930 889 1107 960 lluentibus
1124 889 1317 962 mirabiliter
1333 889 1432 961 lactas
1446 915 1584 989 puerum
1602 891 1803 966 uberibust„

233 1013 320 1085 Novo
338 1013 478 1095 cantico,
496 1011 597 1083 ubera
614 1024 766 1107 sugentes
783 1011 876 1111 pueri
900 1024 1012 1082 natum
1035 1009 1170 1084 laudant
1185 1038 1342 1110 puerum,
1357 1011 1513 1112 quoniam
1531 1039 1593 1084 aar
1610 1039 1665 1086 ore
1682 1015 1806 1087 lacten·

234 1133 339 1207 stium
359 1159 534 1235 puerorum
553 1145 584 1203 et
601 1133 786 1228 sugentium
810 1131 935 1204 dudum
959 1131 1120 1230 perfecisti
1136 1130 1329 1204 laudemln.
1348 1132 1452 1204 Unius
1473 1131 1680 1233 duorumque
1697 1161 1803 1208 anuo-

233 1283 306 1329 rum
329 1253 422 1356 pueri
443 1279 546 1353 puero
569 1252 780 1333 benedicunt,
798 1253 889 1352 cujus
910 1252 986 1324 lacti
1007 1265 1084 1324 sunt
1107 1265 1278 1352 martyres,
1299 1253 1418 1325 invidia
1435 1252 1573 1326 Herodis
1595 1267 1627 1326 et
1648 1256 1712 1339 ira,
1730 1258 1802 1356 qui,

233 1378 343 1450 lurore
366 1375 533 1475 abreptus,
554 1401 673 1473 pueros
695 1373 925 1445 exterminavit.
948 1373 1120 1456 Homines,
1138 1374 1242 1446 Deum
1263 1373 1428 1446 hominem
1451 1373 1587 1458 lactum,
1604 1376 1662 1475 qui
1682 1378 1804 1476 perlec-

233 1511 298 1570 tam
316 1497 421 1593 attigit
434 1509 575 1580 atatem,
591 1521 714 1594 suaque
729 1493 874 1566 bonitate
883 1493 999 1565 Adami
1013 1493 1146 1566 vulnera
1166 1494 1304 1578 sanavit3
1324 1509 1483 1594 pastores,
1496 1510 1658 1596 pastorem
1671 1497 1803 1582 sortem,

233 1619 290 1719 qui
315 1619 402 1691 venit
428 1615 612 1716 deperditos
635 1615 845 1716 quesituras,
865 1615 987 1716 quique
1017 1613 1142 1687 reduxit
1165 1642 1246 1715 quos
1268 1616 1405 1690 Satanas
1429 1616 1615 1717 deceperat,
1637 1619 1804 1692 «animam

233 1766 349 1812 usuam
362 1738 513 1840 ponendo
526 1763 586 1837 pro
604 1737 778 1821 ovibus2a3
798 1735 994 1818 sacerdotes,
1010 1734 1190 1837 principem
1203 1737 1423 1820 sacerdotum,
1440 1737 1513 1837 qui,
1527 1737 1706 1811 secundum
1724 1737 1805 1811 lllel-

232 1858 413 1933 chisedechi
439 1858 585 1931 ordinem
610 1857 759 1942 veniens,
779 1857 908 1928 intravit
931 1857 964 1928 in
982 1858 1102 1929 Sancta
1121 1857 1315 1930 Sanctorum
1332 1858 1500 1958 factusque
1522 1859 1624 1930 estin
1647 1872 1803 1932 aeternum

231 1979 433 2053 sacerdotum
450 1978 615 2080 princeps;
640 1978 739 2060 servi,
758 2005 833 2050 eum
859 1975 941 2076 aqui
962 1977 1136 2078 assumpsit
1158 1975 1242 2049 servi
1266 1977 1403 2076 liguram
1423 1991 1454 2050 et
1476 1977 1625 2051 inventus
1649 1993 1697 2050 est
1723 1981 1805 2052 sicut

231 2103 354 2174 choma
362 2105 387 2186 ³,
399 2113 434 2173 ut
448 2127 506 2172 nos
524 2127 542 2171 a
558 2099 708 2171 servitute
721 2095 833 2200 (136)
845 2098 1039 2170 redimerett
1049 2130 1081 2182 ⁷⁷3
1099 2098 1288 2198 piscatores,
1299 2098 1492 2199 piscatorem
1502 2099 1716 2200 piscatorum,
1730 2101 1804 2202 qui,

230 2235 394 2294 mutorum
408 2221 544 2323 piscium
560 2220 734 2320 piscatores
748 2245 784 2290 er
796 2218 947 2316 gentibus
961 2217 1059 2314 elegit
1070 2245 1302 2318 conversosque
1315 2218 1485 2292 hominum
1497 2220 1673 2321 piscatores
1683 2221 1803 2308 ellecit3

230 2343 412 2443 publicani,
437 2341 531 2414 illum
556 2342 613 2440 qui
640 2339 830 2440 publicanos
860 2339 893 2411 in
921 2339 1141 2437 Evangelistas
1175 2341 1415 2426 transmutavit;
1441 2355 1625 2440 peccatores
1654 2342 1803 2428 demum,

230 2464 322 2536 illum
341 2465 398 2564 qui
415 2462 549 2534 dimittit
566 2473 712 2562 peccata,
728 2461 852 2560 quiquo
868 2473 1047 2532 scortorum
1065 2458 1223 2559 lacrymas
1238 2461 1431 2561 acceptavit,
1449 2461 1625 2534 celebrant.

282 2677 350 2752 llll.
379 2679 444 2777 Ego
461 2704 555 2760 vero,
573 2676 651 2778 quia
673 2704 732 2750 nec
754 2676 883 2748 mitram
907 2675 941 2747 in
965 2675 1085 2776 capite,
1103 2701 1161 2748 nec
1179 2675 1308 2760 tubam,
1327 2703 1385 2748 uec
1407 2675 1580 2760 citharam,
1598 2705 1659 2749 nec
1682 2678 1804 2750 instru-

230 2814 356 2885 menta,
366 2827 425 2872 nec
436 2799 599 2896 gladium,
609 2825 667 2870 nec
683 2810 834 2870 ornatum
845 2797 928 2868 circa
939 2823 1128 2898 personum,
1142 2823 1199 2868 nec
1214 2795 1397 2896 lampades,
1412 2823 1471 2870 nec
1484 2797 1634 2870 lucernas
1647 2799 1689 2870 ad
1700 2801 1804 2872 corni-

229 2921 382 3006 tandum,
401 2919 537 3022 aspicio;
557 2918 615 2992 sed
639 2946 657 2991 e
679 2932 807 3002 contra,
828 2917 905 3018 quia
928 2931 1059 3017 aspectu
1079 2917 1175 2989 vilem
1197 2917 1451 3017 indecorumque
1473 2933 1667 2992 concentum
1685 2921 1804 2994 Christi

230 3043 337 3126 rideo,
363 3041 405 3114 ad
432 3041 634 3114 laudandum
661 3040 789 3111 incitor.
816 3039 980 3110 lllutorum
1008 3038 1200 3111 animalium
1223 3065 1366 3139 presepe
1388 3066 1580 3140 pannusque
1602 3041 1745 3140 pueriles
1768 3057 1804 3115 ut

229 3163 383 3237 citharam
409 3175 614 3235 resonantem
639 3161 825 3244 considero,
850 3177 885 3232 ut
914 3159 1026 3233 tubam
1048 3172 1162 3232 cantus
1183 3160 1429 3261 precinentem,
1453 3175 1489 3232 ut
1510 3160 1670 3262 lampadis
1694 3163 1803 3236 locum

230 3285 390 3369 tenentia,
410 3299 446 3356 ut
462 3283 569 3355 lucem
587 3282 728 3354 Domino
746 3281 948 3353 servientem.
969 3280 1057 3363 Ouid
1075 3280 1115 3352 de
1133 3279 1337 3380 lampadibus
1355 3280 1547 3381 facibusque
1565 3283 1673 3356 dicere
1692 3285 1804 3358 valeo?

228 3407 347 3478 Verum
361 3404 448 3476 idem
461 3405 528 3504 ipse
542 3417 590 3475 est
607 3430 679 3505 spes
694 3417 725 3475 et
740 3404 819 3486 rita,
837 3401 922 3474 idem
939 3401 1042 3486 salus,
1056 3402 1143 3474 idem
1158 3400 1303 3486 bonitas,
1318 3400 1404 3474 idem
1418 3403 1510 3500 regni
1523 3404 1681 3477 ceelorum
1694 3407 1802 3479 amba.

229 3527 386 3600 Eumdem
404 3525 511 3626 ipsum
532 3538 664 3626 portans
682 3524 832 3606 olleram,
848 3536 885 3595 ut
901 3524 1051 3595 uirtutem
1076 3549 1229 3624 assequar
1243 3521 1372 3595 dicendi
1389 3550 1463 3594 eum
1480 3524 1612 3623 Angelis
1626 3526 1802 3600 coelcrnm:

230 3647 364 3720 «Gloria
385 3647 419 3719 in
442 3646 604 3718 altissimis
628 3646 762 3719 De0⁵ln
786 3670 926 3745 cumque
949 3644 1134 3744 pastoribus
1154 3642 1343 3716 Bethlehem
1366 3643 1469 3716 sibilis
1487 3644 1596 3718 laetam
1616 3649 1804 3748 proferendi

229 3769 380 3842 laudem:
400 3768 464 3841 «Et
481 3768 515 3840 in
533 3781 618 3840 terra
634 3794 696 3866 pax
711 3765 899 3838 hominibus
913 3765 1008 3836 honae
1020 3765 1259 3838 votunufisttn

281 3991 364 4064 Vlll.
393 3991 492 4063 Natus
515 3991 665 4076 altone,
684 3989 718 4061 in
739 4017 798 4061 sua
815 4015 953 4090 persona
974 3989 1060 4061 etin
1081 4015 1140 4060 suo
1161 4015 1229 4061 esse
1250 3987 1439 4074 inell'abilis,
1462 3989 1573 4076 hodie,
1594 3991 1752 4067 ineffabili
1774 4009 1807 4068 et

231 4112 431 4185 inscrutabili
447 4111 562 4196 modo,
582 4111 725 4184 nascitur
741 4123 875 4211 propter
888 4136 959 4183 nos.
975 4109 1066 4182 Tunc
1079 4109 1258 4183 secundum
1277 4137 1373 4182 suum
1389 4136 1459 4184 esse
1477 4123 1573 4185 natus
1590 4128 1656 4200 est,
1675 4143 1694 4187 a
1710 4117 1808 4190 Patre

230 4234 400 4316 indivisus,
418 4233 517 4306 hodie
543 4232 584 4306 de
603 4232 736 4330 Virgine
762 4247 896 4334 propter
919 4245 1063 4305 nostram
1091 4230 1228 4306 salutem
1257 4231 1410 4316 nascitur,
1436 4231 1493 4305 sed
1523 4261 1590 4308 non
1624 4237 1807 4311 seeundum

230 4383 321 4428 suam
342 4370 491 4428 naturam
502 4360 527 4426 ⁷.
545 4353 661 4427 Ortum
680 4353 879 4426 ineffabilem
897 4353 1023 4426 saeculis
1038 4351 1182 4455 priorem
1199 4353 1288 4426 solus
1305 4353 1410 4426 noscit
1426 4353 1485 4454 qui
1503 4368 1599 4429 natus
1618 4371 1683 4440 est;
1697 4371 1808 4431 ortum

229 4491 435 4577 presentem,
453 4476 509 4576 qui
530 4503 596 4548 non
619 4489 667 4548 est
686 4473 866 4548 seeundum
886 4489 1053 4556 naturam,
1072 4474 1278 4548 solummodo
1298 4475 1385 4547 novit
1402 4475 1506 4574 gratia
1519 4476 1661 4578 Spiritus
1678 4479 1808 4557 Sancti.

230 4624 339 4670 rerum
362 4598 452 4699 prior
469 4598 617 4670 nativitas
634 4625 707 4669 vera
731 4608 795 4680 est,
813 4595 1037 4696 posteriorque
1058 4595 1092 4668 in
1110 4595 1294 4667 humilitate
1312 4595 1460 4668 nativitas
1480 4597 1574 4670 lirina
1591 4614 1640 4673 est
1657 4614 1690 4674 et
1706 4615 1808 4674 certa.

231 4720 316 4792 Deus
327 4719 368 4792 de
378 4719 447 4792 Deo
458 4733 553 4790 natus
568 4731 630 4800 est;
645 4716 797 4818 idemque
808 4717 906 4790 homo
920 4730 970 4790 est
982 4731 1014 4789 et
1024 4743 1140 4816 corpus
1152 4742 1189 4787 ex
1200 4716 1332 4815 Virgine
1343 4717 1490 4818 sumpsit.
1507 4718 1544 4790 ln
1554 4719 1645 4804 altis,
1659 4749 1697 4794 ex
1709 4723 1808 4796 unico

230 4841 325 4913 Patre
343 4841 474 4924 unicus,
492 4839 680 4934 unigenitus
697 4851 744 4908 est
765 4839 862 4910 unius
879 4837 983 4909 Patris
1003 4837 1105 4913 lilius:
1119 4837 1153 4908 in
1171 4836 1354 4910 humilitate
1372 4839 1488 4911 unicus
1503 4853 1551 4910 est
1565 4867 1601 4912 ex
1617 4841 1714 4916 unica
1732 4843 1810 4916 vir-

266 5095 274 5126 ¹
291 5090 330 5144 Pa.
339 5110 396 5154 rrrr,
405 5093 487 5146 3.—¹
496 5091 581 5145 lom.
592 5111 618 5155 a,
628 5090 775 5147 rr.-³Ad
782 5089 884 5162 Philipp.
892 5107 922 5151 u,
933 5105 976 5159 ι’).
1052 5087 1171 5150 divinem,
1180 5095 1320 5142 nouantem
1328 5087 1361 5140 ad
1369 5088 1809 5164 humanam,quaVerburnesthlins

229 5183 338 5238 ..egg
348 5185 404 5238 Gal.
417 5187 518 5246 r,5.-
530 5189 539 5218 ⁵
551 5184 611 5238 tec.
623 5203 655 5246 u,
670 5185 777 5238 ab.-⁸
792 5181 916 5236 ltin-⁷
931 5181 977 5236 llic
1052 5181 1809 5256 Virginis.lnhncserrncne,utintradatudel'mihr'lietln-

229 5277 357 5331 evidenter
368 5287 466 5332 sanctus
481 5279 615 5350 Gregorius
630 5276 718 5330 alludit
729 5275 762 5330 ad
778 5283 891 5328 naturam
902 5273 976 5328 l'erhi
1051 5275 1174 5346 pontiti,
1185 5275 1286 5348 proprio
1295 5276 1457 5329 mtioeinatur
1468 5275 1543 5328 rutulo
1551 5287 1652 5333 saudan
1659 5281 1806 5354 Gregorius
