3980 6084
680 558 881 626 SANCTUS
911 558 1191 630 METHODIUS,
1651 565 1716 630 tat

145 707 380 806 ingemiscit;a
409 708 617 808 corruptione
638 720 782 782 nostram
804 707 1030 782 liberationem
1049 709 1144 782 etiam
1169 709 1279 810 quoad
1298 737 1414 812 corpus
1432 711 1617 811 expectans,
1637 739 1721 812 quo-

145 827 477 927 niam,resurgendo,
496 855 515 898 a
531 827 625 902 nobis
643 829 873 902 mortalitatem
897 830 1002 902 carnis
1019 831 1233 914 excutiemus,
1249 834 1339 931 juxta
1358 831 1448 932 quod
1470 833 1626 932 scripturn
1645 846 1719 906 ost:

33 965 39 976 ·
146 951 325 1022 «Excutere
347 949 388 1022 de
411 948 559 1049 pulvere,
581 975 756 1047 consurge,
775 950 868 1035 sede,
885 951 1121 1024 Ierusalem¹.n
1142 952 1281 1034 Quando
1301 952 1550 1026 liberabimura
1572 967 1719 1053 peccato,

146 1071 338 1144 liberabitur
351 1084 383 1143 et
397 1069 467 1171 ipsa
485 1070 607 1144 creatio
626 1097 645 1142 a
663 1071 888 1170 corruptione,
905 1098 964 1144 nee
980 1072 1120 1172 amplius
1139 1073 1272 1145 vanitati
1284 1073 1473 1173 subjicietur
1486 1074 1544 1148 sed
1555 1074 1719 1173 justitiae

119 1240 129 1252 .
148 1192 300 1264 aScimus
317 1192 420 1274 enim,
433 1191 492 1274 ait,
505 1189 594 1291 quod
612 1192 718 1264 omnis
735 1205 881 1264 creatura
892 1191 1115 1290 ingemiscitet
1126 1194 1267 1293 parturit
1279 1221 1382 1295 usquc
1399 1195 1517 1268 adhuc.
1532 1195 1720 1270 Nonsolum

147 1325 282 1386 sautem
303 1312 376 1395 illa,
399 1311 456 1386 sed
473 1324 506 1384 et
529 1338 587 1384 nos
609 1311 672 1412 ipsi
694 1311 853 1412 primitias
872 1311 1004 1410 spiritus
1027 1312 1200 1398 babentes,
1220 1327 1252 1387 et
1278 1313 1340 1414 ipsi
1358 1315 1442 1386 intra
1463 1341 1522 1388 nos
1541 1315 1720 1414 gemimus,

151 1432 384 1534 sadoptiouem
411 1432 553 1506 filiorum
575 1432 634 1506 Dei
656 1445 874 1532 expectantes,
897 1433 1153 1534 redemptionem
1180 1435 1322 1534 corporis
1344 1436 1502 1508 nostri³.n
1529 1436 1600 1536 lpse
1624 1437 1721 1510 etiam

150 1553 248 1626 Isaias
262 1553 341 1626 dixit
356 1585 364 1624 :
385 1553 501 1626 «Sicut
515 1554 586 1625 cccli
604 1553 678 1626 novi
697 1567 729 1626 et
742 1567 826 1626 terra
841 1579 923 1628 nova
940 1581 1012 1654 qum
1030 1581 1090 1651 ego
1105 1554 1187 1628 lario
1203 1568 1289 1628 stant
1306 1582 1415 1628 coram
1434 1583 1502 1638 me,
1518 1555 1597 1628 dicit
1611 1556 1722 1628 Domi·
1813 1647 1821 1664 ι

151 1701 257 1747 snus:
277 1675 322 1747 sic
339 1675 437 1747 stabit
453 1701 563 1747 semen
581 1687 722 1747 vestrum
739 1686 771 1746 et
790 1699 910 1748 nomen
929 1679 1127 1748 vestrumea
1141 1673 1180 1748 Et
1197 1677 1336 1749 iterum:
1358 1677 1458 1749 allate
1473 1677 1550 1749 dicit
1564 1678 1722 1750 Dominus

150 1822 288 1868 «creans
310 1795 422 1880 cmlos,
448 1795 517 1896 ipse
540 1796 627 1868 Deus
649 1776 791 1866 lorrnans
809 1808 926 1868 terram
946 1809 978 1868 et
997 1796 1117 1868 iaciens
1135 1823 1227 1879 earn,
1246 1797 1313 1897 ipsc
1336 1797 1455 1897 plastes
1479 1799 1549 1898 ejus
1569 1829 1576 1870 :
1600 1825 1666 1872 non
1688 1799 1721 1870 in

150 1942 292 1988 eranum
311 1915 429 1988 crearit
446 1942 534 2002 eam3
555 1929 590 1987 ut
609 1913 811 1987 habitaretur
826 1913 992 2016 (formavit
1007 1913 1153 2017 eam)⁵.n
1170 1918 1261 1990 Certe
1280 1917 1381 2016 igitur
1395 1945 1461 1991 non
1480 1918 1597 1992 creavit
1613 1920 1722 1993 omnia

149 2036 184 2108 in
200 2063 320 2109 vanum
337 2036 424 2109 Deus
440 2050 476 2109 ut
492 2035 602 2108 inania
624 2049 814 2109 remaneant
832 2050 863 2108 et
884 2036 1061 2124 intereant,
1085 2051 1121 2110 ut
1139 2051 1288 2113 asserunt
1304 2038 1353 2112 illi
1376 2039 1433 2139 qui
1459 2067 1540 2114 vana
1561 2041 1721 2124 sentiunt,

149 2157 206 2230 sed
223 2158 341 2232 creavit
363 2171 400 2229 ut
420 2171 625 2258 perseverent
647 2171 680 2230 et
698 2156 897 2232 habitentur.
919 2158 1137 2259 Quapropter,
1155 2173 1229 2260 post
1243 2159 1501 2233 combustionem
1525 2175 1557 2234 et
1580 2187 1722 2236 commo·

150 2279 287 2362 tionem,
311 2279 400 2363 coeli,
426 2292 526 2363 terra,
546 2278 720 2379 omniaque
738 2278 999 2378 perseverabunt.
1012 2279 1068 2363 At,
1088 2307 1185 2380 quam
1205 2280 1247 2353 ob
1265 2281 1416 2354 causam?
1439 2281 1660 2367 -Quidem,
1680 2281 1723 2355 ob

150 2399 384 2474 necessitatem.

201 2520 364 2623 (litenim⁶
378 2520 503 2622 aliquid
520 2521 660 2623 amplius
682 2536 810 2622 oportet
832 2521 939 2596 dicere
960 2549 1059 2624 quam
1079 2549 1151 2624 quae
1171 2523 1348 2597 dictasunt
1366 2524 1526 2625 superius.
1546 2525 1616 2598 Non
1635 2525 1723 2598 eninr

148 2641 336 2714 substantiis
350 2655 382 2714 et
400 2641 513 2744 primae
534 2669 643 2715 rerum
661 2642 885 2717 constitutioni
901 2643 1036 2716 attentio
1055 2643 1127 2716 talis
1145 2658 1177 2717 ct
1199 2657 1287 2717 tanta
1310 2643 1456 2718 adbibita
1479 2643 1607 2730 luisset,
1625 2644 1669 2728 si,
1688 2645 1723 2716 iu

148 2762 269 2836 excidio
287 2763 390 2847 linali,
406 2763 513 2836 omnia
532 2762 736 2837 immutanda
753 2792 812 2864 per
826 2765 993 2837 interitum
1013 2777 1045 2836 et
1060 2765 1300 2866 corruptionem
1315 2763 1483 2868 luissent.)

200 2939 251 3014 lx.
279 2940 416 3024 Verum,
435 2940 517 3014 lorte
536 2939 644 3014 dicent
666 2939 868 3012 adversarii:
894 2940 1068 3024 Quomodo
1096 2941 1205 3013 omnia
1228 2942 1361 3015 interire
1386 2969 1452 3014 non
1481 2956 1632 3042 possunt,
1650 2970 1723 3016 cum

149 3061 312 3134 Christus⁷
329 3059 443 3134 dixerit
462 3091 470 3132 :
490 3060 639 3134 sCoelum
655 3073 688 3133 et
704 3073 789 3133 terra
809 3061 1049 3146 transibunt„
1067 3075 1098 3133 et
1112 3061 1271 3160 propheta
1293 3063 1494 3136 asseruerit:
1515 3064 1620 3137 «Coeli
1642 3063 1725 3134 sicut

149 3181 283 3254 slumus
295 3182 490 3282 liquescent,
509 3194 541 3254 et
555 3194 638 3254 terra
659 3180 742 3253 sicut
753 3182 981 3254 vestimentum
999 3181 1217 3254 attereturIin
1232 3180 1282 3252 Ad
1292 3181 1360 3254 baec
1373 3183 1607 3283 respondemus
1620 3184 1723 3255 solere

148 3301 330 3402 Scripturas
345 3303 556 3374 mutationem
568 3301 602 3374 in
615 3315 735 3374 statum
747 3301 899 3404 prasenti
912 3301 1140 3375 constitutione
1155 3301 1269 3374 mundi
1286 3301 1540 3402 prestantiorem
1555 3316 1586 3376 et
1600 3302 1721 3400 glorio-

148 3423 265 3496 siorem
282 3422 414 3496 nomine
429 3423 815 3521 interitus¹⁰signis1care.
827 3421 867 3495 Et
882 3422 1015 3535 quidem
1028 3422 1061 3494 id
1079 3421 1124 3495 ita
1139 3421 1390 3522 intelligendum
1406 3435 1469 3507 est,
1486 3445 1620 3526 nempe,
1633 3421 1722 3524 quod

147 3543 286 3618 intereat
299 3543 389 3645 prior
408 3543 510 3643 ligura
526 3545 674 3618 omnium
691 3543 869 3618 elevatione
888 3543 929 3616 ad
947 3542 1083 3642 gloriam
1105 3543 1316 3645 superiorem.
1336 3545 1406 3617 Non
1423 3544 1509 3618 enim
1531 3559 1578 3618 est
1594 3558 1723 3619 contra·

148 3664 245 3737 dictio
263 3664 312 3738 vel
328 3663 541 3738 absurditas¹¹
557 3663 591 3737 in
605 3665 709 3737 verbis
722 3665 848 3739 divinis.
862 3665 911 3738 Ita
923 3663 1054 3765 quidem
1068 3663 1186 3738 dicitur
1197 3695 1205 3738 ι
1218 3665 1389 3738 «Praeterit
1403 3666 1491 3738 enim
1504 3665 1606 3765 figura
1622 3666 1721 3765 hujus

148 3783 357 3868 emundet„
374 3812 440 3859 non
451 3800 559 3859 autem
572 3817 580 3859 ι
595 3785 749 3859 s'Iransit
759 3787 810 3860 bic
822 3785 1002 3900 mqndusa
1017 3786 1057 3858 dt
1071 3767 1176 3859 sblent
1187 3785 1385 3888 quandoque
1397 3785 1572 3887 Scriptura
1588 3786 1719 3860 nomine

146 3905 296 3978 interitus
312 3903 524 3978 mutationem
540 3934 649 3979 rerum
664 3907 698 3979 in
711 3919 830 3980 statum
845 3907 1101 4008 prestantiorem
1122 3919 1154 3979 et
1170 3905 1389 4006 pulchriorem
1413 3919 1497 3978 statu
1516 3905 1617 4006 priori
1634 3904 1720 3978 indi-

147 4052 230 4100 care.
246 4027 386 4100 Perinde
406 4055 442 4100 ac
452 4027 569 4128 aliquis
583 4055 694 4100 vocare
708 4041 815 4128 posset
827 4027 993 4100 interitum
1010 4027 1221 4100 mutationem
1233 4025 1245 4129 (
1255 4024 1348 4127 205)
1366 4055 1429 4127 qua
1442 4027 1633 4126 puerhomo
1646 4053 1720 4126 per-

145 4149 248 4221 lectus
265 4147 386 4232 evadit,
397 4149 679 4222 transformatione
690 4162 820 4221 statura
831 4147 940 4249 pueri,
957 4147 1137 4220 accretione
1149 4147 1478 4248 etpulchritudine¹³.
1491 4147 1599 4220 «Cum
1616 4174 1718 4220 essem

147 4268 341 4369 «parvulus,
352 4267 510 4368 loquebar
520 4282 557 4340 ut
566 4268 734 4368 parvulus,
750 4269 915 4371 sapiebam
928 4266 1145 4369 utparvulus,
1157 4267 1338 4365 cogitabam
1351 4282 1387 4341 ut
1401 4266 1565 4367 parvulus.
1578 4268 1718 4352 Quando

147 4404 279 4462 sautem
296 4390 398 4461 lactus
415 4417 488 4461 sum
506 4388 563 4472 vir,
582 4388 732 4461 evacuavi
742 4416 815 4488 quae
825 4388 1124 4488 erantparvulistm
1138 4389 1314 4488 Speremus
1329 4387 1429 4486 igitur
1442 4389 1636 4462 creationem
1644 4415 1718 4489 pcr-

147 4509 374 4583 turbandam¹⁵
384 4509 516 4610 quidem
528 4509 596 4582 lore
606 4509 640 4581 in
653 4508 737 4607 ignis
753 4509 1022 4607 conflagratione,
1040 4509 1208 4582 morientis
1217 4510 1330 4594 instar,
1345 4535 1410 4582 non
1426 4522 1461 4582 ut
1472 4521 1599 4609 pereat,
1610 4509 1669 4582 sed
1681 4522 1717 4581 ut

182 4771 190 4803 ¹
209 4767 267 4823 lsai.
282 4787 328 4833 ιιι,
349 4789 374 4826 a.
387 4801 424 4808 —
438 4768 551 4824 'Textus
566 4786 673 4843 sequens
690 4769 763 4825 Pauli
779 4768 848 4825 deest
864 4767 891 4823 in
966 4767 1010 4824 Cli·
1022 4767 1109 4823 Proba.
1125 4789 1158 4825 cr.
1176 4802 1214 4811 —
1231 4772 1250 4805 ¹⁰
1264 4768 1302 4825 td
1313 4767 1422 4824 litteram
1431 4767 1581 4843 perditionis.
1595 4799 1634 4808 -
1646 4769 1663 4802 ¹¹
1678 4765 1715 4822 ld

143 4859 254 4917 editione
270 4881 357 4936 greca.
382 4861 472 4918 Patrai.
494 4859 536 4916 Gr.
555 4860 646 4925 XVIII,
665 4861 712 4917 col.
731 4864 798 4935 aqi,
816 4881 839 4916 ι.
854 4895 891 4904 -
966 4861 1068 4917 verbum
1089 4861 1234 4936 deformiter.
1252 4895 1289 4904 -
1306 4865 1324 4897 ¹¹
1344 4861 1354 4917 1
1369 4860 1409 4916 Ad
1430 4859 1537 4915 Gorsotb.
1552 4879 1599 4924 ru,
1615 4861 1659 4916 3¹.
1676 4891 1714 4901 -

143 4953 205 5008 ’dd
220 4955 319 5010 donea.
337 4973 395 5020 ιιιι,
412 4973 462 5019 ss,
481 4956 525 5010 ab.
540 4985 577 4996 -
591 4955 601 4989 ⁴
613 4953 704 5019 isaim,
717 4973 784 5018 ιιιι,
799 4973 843 5010 aa.
854 4987 892 4997 —
966 4958 984 4990 ¹³
998 4955 1058 5020 lile,
1072 4955 1099 5010 in
1116 4955 1225 5011 aditione
1242 4971 1333 5028 paea,
1351 4955 1476 5010 omittitur
1492 4971 1568 5010 raam
1580 4952 1715 5026 Scriptura

143 5045 224 5102 *thiu
237 5067 289 5112 ιιι,
305 5050 349 5104 ι8.
358 5081 396 5089 -
408 5051 417 5083 ¹
430 5049 492 5113 Qum
508 5047 575 5103 inter
586 5048 691 5103 uncinos
705 5048 834 5121 posuimus
847 5046 893 5102 da-
966 5055 1058 5114 textus,
1069 5067 1098 5104 ex
1107 5048 1216 5122 Epistola
1228 5047 1242 5102 I
1252 5048 1285 5102 ad
1298 5040 1439 5102 emmiu.
1450 5079 1487 5088 —
1499 5047 1541 5102 ¹⁸1
1557 5043 1596 5099 td
1607 5044 1712 5100 Cariati.

143 5148 202 5195 sunt
218 5141 245 5196 in
263 5147 330 5195 textu
346 5160 434 5215 graec.
451 5175 489 5184 -—
505 5145 515 5176 ⁷
529 5141 576 5197 Hic
592 5160 650 5197 cum
665 5141 751 5214 grecis
766 5139 893 5195 codicibus
967 5141 1576 5215 irrr‚11.—¹⁵Hicsyruslegisseridetur,curn
1586 5138 1713 5194 codicibus

143 5232 293 5308 quibusdam
304 5235 369 5301 ὅμως
380 5236 496 5308 χρισιόι.
509 5235 553 5291 Cir
562 5234 654 5310 Epiplr.
666 5233 757 5290 Hom.
771 5251 833 5297 ιιιι,
846 5235 891 5288 32.
965 5235 1052 5309 grecis
1073 5233 1235 5308 quibusdam,
1248 5234 1465 5309 ταραχθήσισθαι,
1478 5235 1531 5290 lom
1546 5232 1711 5308 σαραχθῆσι-

143 5359 179 5368 -
192 5331 201 5360 ⁸
213 5326 301 5382 blattis.
319 5344 380 5390 ιιιι,
393 5329 438 5381 35.
457 5329 476 5382 Β
494 5328 648 5384 transierant.
663 5359 701 5368 -—
717 5331 727 5361 ⁹
743 5325 799 5382 Issi.
810 5345 847 5389 ιι,
864 5328 890 5386 6.
966 5327 1029 5382 σθαι.
